1893 3230
772 247 873 275 ΠΕΡΙ
905 247 1084 277 ΦΥΣΕΩΣ.
1610 238 1659 272 23

858 376 999 418 LVII.

192 466 382 528 Ἀγαθὸν
407 467 475 512 καὶ
502 466 629 513 κακὸν
653 468 828 514 ταύτόν.

843 586 1015 627 LVIII.

254 670 517 726 Hippolytus
544 672 636 713 Ref.
670 673 781 714 haer.
814 672 871 712 ix.
908 685 985 713 10:
1029 671 1091 712 καὶ
1122 671 1274 724 ἀγαθὸν
1306 671 1368 711 καῖ
1402 672 1521 713 κακόν
1552 671 1660 727 (soil.

195 740 238 781 ἕν
259 740 373 796 ἐστι)·
407 742 444 782 οἱ
472 745 566 794 γοῦν
595 744 730 795 ἰατροί,
755 743 879 795 φησὶν
906 743 926 782 ὁ
954 740 1225 794 “Ηράκλειτος,
1252 739 1459 791 τέμνοντες
1485 741 1662 782 καίοντες

195 807 319 860 πάντη
349 810 635 860 βασανίζοντες
660 814 782 853 κακῶς
812 810 901 853 τοὺς
926 811 1222 862 ἀρρωστοῦντας
1254 809 1500 849 ἐπαιτιῶνται
1530 807 1660 859 μηδέν’

195 876 305 928 ἄξιον
339 878 482 930 μισθὸν
520 880 746 931 λαμβάνειν
780 882 886 932 παρὰ
922 885 999 921 τῶν
1036 880 1354 932 ἀρρωστούντων,
1393 882 1514 919 ταῦτα
1547 880 1663 931 ἐργα-

197 945 349 996 ζόμενοι
369 948 418 987 τὰ
440 948 567 999 ἀγαθὰ
591 949 653 988 καὶ
676 952 702 997 †
716 950 785 990 τὰς
808 949 948 991 νόσους
965 952 1004 997 †.

195 1108 234 1142 et
262 1107 454 1152 aestatem,
483 1106 619 1144 itidem
648 1106 688 1143 in
717 1121 784 1144 ver
807 1110 845 1144 et
875 1111 1116 1145 autumnum.
1174 1106 1265 1144 hinc
1294 1105 1517 1143 Heraclitus
1545 1104 1665 1142 libros

195 1170 420 1220 conscripsit
453 1172 500 1209 de
534 1175 685 1218 natura,
720 1186 740 1210 a
773 1172 951 1222 theologo
986 1175 1116 1209 nostro
1145 1175 1344 1209 mutuatus
1378 1170 1587 1208 sententias
1616 1169 1663 1207 de

195 1236 406 1283 contrariis,
429 1237 570 1275 additis
589 1237 786 1274 immensis
806 1236 1147 1287 iisque-laboriosis
1167 1235 1416 1286 argumentis.

249 1312 352 1339 Lvn.
382 1300 616 1340 Aristoteles
647 1303 741 1352 Top.
767 1302 847 1340 viii.
877 1312 912 1350 5,
939 1315 976 1352 p.
1007 1311 1081 1351 159
1099 1301 1119 1339 b
1142 1314 1211 1350 30:
1251 1303 1303 1337 διὸ
1332 1303 1384 1337 καὶ
1414 1303 1445 1336 οἱ
1475 1302 1667 1346 κομίζοντες

195 1366 379 1414 ἀλλοτρίας
408 1369 517 1414 δόξας,
543 1367 613 1404 οἷον
640 1369 767 1417 ἀγαθὸν
796 1370 848 1404 καὶ
879 1370 978 1404 κακὸν
1006 1367 1088 1404 εἶναι
1115 1368 1247 1409 ταύτόν,
1278 1367 1426 1413 καθάπερ
1445 1366 1667 1413 Ἱ-Ιράκλειτός

160 1479 163 1482 Ι
195 1433 315 1479 φησιν,
337 1435 376 1469 οὐ
397 1435 531 1470 διδόασι
548 1435 593 1481 μὴ
612 1438 766 1482 παρεῖναι
786 1436 853 1481 ἅμα
872 1438 918 1484 τῷ
932 1435 1021 1484 αὐτῷ
1036 1433 1203 1479 τάναντία,
1222 1434 1286 1479 οὐχ
1303 1434 1347 1469 ὡς
1362 1434 1401 1467 οὐ
1418 1433 1538 1467 δοκοῦν
1552 1432 1667 1467 αὐτοῖς

194 1501 294 1533 τοῦτο
327 1499 405 1534 ἀλλ’
441 1500 492 1538 ὅτι
526 1500 597 1535 καθ’
635 1500 860 1547 Ἠράκλειτον
896 1499 984 1535 οὕτω
1021 1498 1326 1535 nemim—Idem
1360 1497 1472 1546 Phys.
1504 1496 1528 1533 i.
1563 1509 1596 1542 2,
1627 1508 1665 1545 p.

201 1564 274 1611 185
290 1563 309 1600 ὂ
333 1576 403 1601 2οῑ
434 1566 525 1600 ἀλλὰ
544 1566 608 1611 μὴν
629 1567 657 1601 εἷ
676 1569 722 1614 τῷ
741 1568 835 1615 λόγῳ
856 1563 892 1601 ἓν
911 1567 952 1601 τὰ
972 1566 1052 1601 ὅντα
1074 1567 1184 1601 πάντα
1210 1565 1255 1601 ὡς
1280 1566 1410 1600 λώπιον
1438 1564 1492 1598 καὶ
1521 1563 1664 1608 ἱμάτιον,

195 1630 254 1664 τὸν
270 1628 494 1677 εΗρακλείτου
513 1633 617 1678 λόγον
637 1632 816 1677 συμβαίνει
835 1631 948 1679 λέγειν
966 1632 1088 1667 αὐτοῖς·
1117 1631 1240 1666 ταύτὸν
1258 1631 1325 1677 γὰρ
1345 1630 1443 1664 ἕσται
1470 1629 1587 1676 ἀγαθῷ
1615 1627 1668 1662 καὶ

196 1697 284 1743 κακῷ
314 1692 395 1730 εἶναι
425 1697 478 1731 καὶ
505 1697 549 1742 μὴ
578 1697 694 1745 ἀγαθῷ
723 1698 776 1732 καὶ
804 1697 932 1745 ἀγαθῷ,
962 1697 1053 1731 ὥστε
1087 1696 1211 1731 ταύτὸν
1239 1696 1335 1729 ἕσται
1369 1694 1496 1741 ἀγαθὸν
1524 1693 1578 1728 καὶ
1606 1693 1668 1727 οὐκ

196 1759 333 1807 ἀγαθόν,
354 1762 406 1796 καὶ
426 1762 600 1809 ἅνθρωπος
625 1764 677 1797 καὶ
706 1762 820 1803 ἵππος,
842 1763 894 1797 καὶ
921 1763 960 1796 οὐ
984 1762 1063 1808 περὶ
1090 1763 1150 1796 τοῦ
1178 1758 1215 1796 ἓν
1242 1757 1324 1795 εἶναι
1353 1760 1395 1795 τὰ
1426 1760 1504 1794 ὅντα
1524 1760 1542 1793 ὁ
1561 1760 1668 1805 λόγος

196 1827 293 1861 ἕσται
321 1827 433 1863 αὐτοῖς
460 1827 550 1862 ἀλλὰ
577 1829 657 1874 περὶ
684 1830 744 1862 τοῦ
772 1825 1170 1875 [moira—Hippolytus
1199 1824 1283 1861 Res.
1314 1823 1416 1861 haer.
1447 1823 1499 1861 ix.
1535 1835 1582 1860 10
1613 1820 1666 1872 (V.

196 1888 243 1927 fr.
286 1889 723 1941 LVIII)—Simplicius
770 1891 811 1927 in
852 1889 966 1940 Phys.
1013 1890 1077 1928 fol.
1114 1902 1157 1926 11
1197 1901 1246 1927 a:
1294 1890 1482 1936 ἀντιλέγειν
1524 1890 1563 1924 οὐ
1600 1888 1666 1935 χρὴ

258 1983 266 1991 .
290 1983 298 1992 .
318 1957 404 2002 πρὸς
436 1957 514 1993 τοὺς
545 1957 722 2003 παράδοξα
756 1957 809 1991 scal
842 1955 1097 2002 ἀπεμφαῖνοντα
1125 1955 1298 2004 λέγοντας·
1343 1957 1495 1990 τοιαῦται
1528 1955 1595 2000 γὰρ
1634 1955 1668 1988 αἱ

196 2021 319 2058 θέσεις·
359 2022 404 2058 ὡς
422 2021 641 2069 Ἡράκλειτος
661 2024 701 2057 τὸ
724 2022 850 2069 ἀγαθὸν
876 2023 929 2057 καὶ
953 2023 993 2057 τὸ
1018 2023 1117 2056 κακὸν
1145 2022 1192 2058 εἷς
1219 2022 1340 2056 ταύτὸν
1367 2020 1477 2067 λέγων
1506 2019 1667 2062 συνιέναι,

195 2087 288 2132 δίκην
307 2087 408 2131 τόξου
429 2088 481 2122 καὶ
500 2087 617 2134 λύρας·
647 2086 684 2124 ὃς
707 2089 760 2123 καὶ
786 2088 892 2122 ἐδόκει
919 2087 1016 2123 θέσιν
1040 2087 1166 2134 λέγειν,
1188 2087 1242 2122 διὰ
1267 2088 1307 2122 τὸ
1333 2084 1439 2122 οὕτως
1464 2085 1668 2131 ἀδιορίστως

194 2152 311 2198 φάναι·
343 2152 546 2187 ἐνεδείκνυτο
576 2153 611 2187 δέ
637 2153 697 2197 τὴν
726 2154 761 2188 ἐν
786 2155 826 2198 τῇ
855 2152 989 2200 γενέσει
1016 2151 1210 2199 ἐναρμόνιον
1237 2152 1330 2197 μῖξιν
1358 2154 1425 2185 τῶν
1454 2150 1667 2185 ἐναντίων-

194 2215 258 2253 fol.
285 2217 330 2253 18
345 2229 388 2253 a:
427 2219 535 2252 πάντα
564 2217 728 2262 ἀλλήλοις
755 2219 860 2253 ταύτὰ
888 2219 996 2254 ἕσται·
1035 2218 1088 2253 καὶ
1107 2220 1125 2252 ὁ
1143 2215 1369 2263 Ἡρακλείτου
1397 2218 1502 2263 λόγος
1527 2214 1666 2260 ἀληθής,

195 2283 213 2316 ὁ
233 2283 344 2329 λέγων
363 2284 402 2317 τὸ
421 2283 548 2329 ἀγαθὸν
566 2284 619 2318 καὶ
637 2285 676 2318 τὸ
696 2284 794 2318 κακὸν
813 2284 935 2319 ταύτὸν
955 2281 1048 2321 εἶναι.

249 2357 366 2383 LVIII.
399 2346 509 2385 Conf.
547 2346 770 2397 Xenophon
808 2347 923 2385 Mem.
958 2347 980 2385 i.
1021 2361 1054 2394 2,
1091 2355 1162 2394 543
1207 2346 1316 2383 Plato
1349 2343 1468 2396 Gorg.
1507 2355 1580 2393 521
1619 2344 1665 2390 E,

195 2411 311 2449 Polit.
346 2425 421 2461 293
444 2412 498 2459 Β,
530 2412 752 2462 Simplicius
779 2412 819 2449 in
847 2412 1012 2463 Epictet.
1040 2425 1097 2461 13,
1125 2424 1162 2461 p.
1186 2414 1235 2460 83
1258 2411 1293 2448 D
1314 2414 1355 2448 et
1377 2419 1437 2458 27,
1464 2423 1501 2460 p.
1529 2411 1602 2459 178
1624 2407 1666 2446 A

197 2477 254 2515 ed.
276 2477 411 2515 Heius.

238 2607 336 2630 LVIII.
361 2598 561 2631 ἐπαιτέονται
586 2600 755 2641 Bernays;
790 2598 847 2630 sed
872 2597 957 2629 conf.
982 2597 1082 2628 Plato
1105 2596 1146 2627 de
1170 2596 1254 2638 Rep.
1274 2597 1318 2629 vi.
1342 2602 1407 2638 497
1431 2596 1460 2626 B
1510 2598 1521 2633 ΙΙ
1546 2593 1667 2635 μηδένα

195 2651 348 2692 Sauppe:
373 2650 473 2692 μηδὲν
489 2652 590 2692 vulg„
607 2651 757 2692 Bernays
798 2654 809 2688 ΙΙ
828 2649 907 2690 ἄξιοι
926 2651 1075 2690 Bemays
1109 2652 1121 2686 ΙΙ
1139 2648 1254 2687 μισθὸν
1269 2648 1521 2680 Wordsworth:
1547 2646 1667 2686 μισθῶν

194 2703 293 2744 vulg„
311 2703 461 2744 Bernays
505 2706 517 2741 ll
543 2703 646 2734 ταύτὰ
662 2703 795 2744 Sauppe
843 2706 854 2740 ΙΙ
874 2701 925 2732 καὶ
948 2709 985 2741 <
998 2700 1038 2732 τὰ
1054 2700 1183 2736 nand>
1210 2700 1267 2731 τὰς
1283 2700 1396 2732 νόσους
1412 2701 1543 2742 Sauppe
1584 2698 1667 2729 κατὰ

194 2753 250 2784 τὰς
274 2753 385 2784 νόσους
413 2765 500 2795 susp.
526 2755 705 2786 Petersen:
745 2755 820 2786 fort.
856 2753 907 2785 καὶ
934 2753 1095 2789 βασάνους
1120 2754 1193 2785 coll.
1221 2754 1312 2785 Sext.
1335 2753 1431 2794 Emp.
1458 2753 1532 2783 adv.
1560 2751 1668 2783 Math.

193 2805 238 2836 xi.
265 2806 462 2846 159—Vox
487 2805 716 2845 βασανίζοντες
743 2807 807 2837 hoc
829 2817 926 2837 sensu
955 2807 1065 2847 posita
1093 2807 1249 2837 seriorem
1276 2805 1404 2835 redolet
1430 2804 1666 2845 graecitatem3

196 2857 344 2897 suspicor
370 2857 478 2889 aliena.
504 2859 707 2890 Heracliteis
733 2869 802 2889 esse
830 2858 979 2889 admixta
1005 2859 1180 2900 ipsumque
1209 2857 1392 2898 Ephesium
1418 2856 1454 2886 in
1481 2856 1569 2886 hunc
1597 2855 1668 2885 fere

198 2909 331 2939 modum
345 2910 511 2950 scripsisse
525 2922 531 2941 ι
554 2909 653 2951 ἰητροὶ
667 2909 839 2949 τέμνοντες
853 2909 998 2941 καίοντες
1014 2910 1199 2942 κεντέοντες
1215 2910 1452 2951 στρεβλοῦντες
1470 2908 1669 2940 ἐπαιτιῶνται

199 2960 305 3001 μηδέν’
321 2959 409 3001 ἄξιον
425 2960 542 3000 μισθὸν
558 2961 748 3001 λαμβάνειν.
