1893 3230
213 256 262 291 34
690 258 972 288 HPAKAEITOY
1002 256 1191 286 ΕΦΕΣΙΟΥ

842 401 1047 445 LXXXI.

213 485 472 538 Ποταμοῖσι
495 491 615 530 τοῖσι
641 486 812 531 αὐτοῖσι
844 485 1106 541 ἐμβαίνομέν
1130 505 1181 531 τε
1203 484 1271 529 καὶ
1298 484 1368 529 οὐκ
1393 483 1667 540 ἐμβαίνομεν,

211 559 321 614 Εῗμέν
345 581 397 605 ΤΕ
420 558 488 604 Καὶ
515 560 588 604 Οὔκ·
612 559 735 612 ΕῗμΕν.

213 755 430 809 Κάματός
454 756 551 801 ἐστι
575 763 669 806 τοῖς
694 757 838 806 αὐτοῖς
860 759 1042 819 μοχθεῖν
1067 755 1135 801 καὶ
1160 754 1391 819 ἄρχεσθαι.

813 885 1071 928 LXXXIII.

212 969 525 1026 ΒῙεταβάλλον
548 969 828 1015 ἀναπαύεται.

210 1154 312 1185 μονας
339 1137 624 1175 ποιεῖ-Ξιιίᾶῑιε
645 1151 671 1176 s.
685 1151 721 1175 v.
743 1142 948 1184 Ποστοῦμος
968 1136 1231 1188 (=Aelianus
1260 1137 1305 1174 fr.
1339 1146 1412 1186 317
1438 1135 1645 1188 Hercher.)
1664 1149 1672 1174 ε

211 1208 329 1240 οὔκουν
347 1205 483 1241 ἀπεικὸς
502 1204 541 1249 ἧν
560 1206 613 1239 καὶ
632 1205 727 1239 τόνδε
746 1207 804 1239 τὸν
823 1207 1028 1250 Ποστοῦμον
1055 1205 1171 1251 λέγειν
1197 1206 1303 1250 λόγον
1331 1205 1465 1249 ἐκεῖνον,
1486 1204 1588 1251 ὅνπερ
1616 1203 1676 1239 οὖν

209 1270 430 1317 Ἡράκλειτος
458 1268 550 1305 εἶπεν
577 1269 632 1316 ἐφ’
654 1271 785 1305 ἑαυτοῦ·
819 1270 1009 1315 Ἐμεωυτὸν
1039 1268 1450 1318 ἐδιζησάμην-ΒΕΞΡῘΟ.
1479 1266 1592 1304 Philo
1626 1267 1675 1305 de

211 1334 362 1383 Ioseph.
388 1347 448 1379 22,
468 1347 505 1383 p.
528 1344 576 1383 59
596 1348 603 1371 :
634 1336 845 1382 ἐρευνησάτω
869 1335 905 1369 δὲ
929 1335 1069 1372 ἕκαστος
1098 1336 1200 1370 αὑτὸν
1231 1331 1353 1386 [vulg.
1377 1330 1502 1385 αὐτῶν]
1533 1335 1586 1369 καὶ
1615 1335 1675 1369 τὸν

210 1402 359 1448 ἔλεγχον
378 1401 486 1435 αὐτῶν
505 1399 636 1436 οἴκοθεν
655 1402 707 1435 καὶ
727 1400 804 1435 ἄνευ
831 1403 898 1435 τῶν
916 1400 994 1447 παρ’
1014 1401 1097 1445 ἐμοῦ
1125 1400 1275 1435 πίστεων
1295 1398 1433 1443 εἵσεται,
1454 1400 1505 1434 καὶ
1523 1400 1674 1444 μάλιστα

210 1465 243 1501 εἴ
268 1481 318 1501 τις
345 1464 580 1511 πρεσβύτερος
605 1466 665 1510 ἤδη
685 1466 833 1512 γεγονὼς
859 1463 1255 1512 τυγχάνει-ΟΙεωεΠε
1280 1463 1390 1501 Alex.
1412 1463 1554 1501 Strom.
1576 1461 1615 1499 ii.
1642 1476 1674 1509 1,

210 1541 246 1578 p.
271 1541 372 1576 429:
404 1528 424 1563 ἂ
444 1530 480 1563 δὲ
501 1528 594 1565 αὐτοὶ
618 1530 830 1575 διζησόμενοι
851 1530 988 1566 ἑαυτοὺς
1014 1530 1225 1576 ἐξευρηκέναι
1253 1531 1482 1576 φρυάττονται
1509 1528 1637 1564 τούτων
1657 1531 1675 1563 ὁ

211 1593 592 1642 ἕλεγχος-ΡῙΟἙῙΠΠΒ
620 1593 719 1630 Eun.
749 1607 784 1631 V.
818 1607 853 1642 9,
876 1607 912 1643 p.
937 1603 1036 1643 559:
1068 1596 1120 1630 καὶ
1150 1595 1168 1639 ἡ
1196 1598 1264 1630 τῶν
1292 1595 1369 1630 ι’ίνευ
1398 1593 1482 1639 ὕλης
1509 1593 1676 1639 ἐπιστήμη

210 1661 331 1695 ταύτὸν
362 1661 410 1707 τῷ
439 1661 622 1706 πράγματι·
666 1661 718 1695 καὶ
747 1662 786 1695 τὸ
818 1660 985 1706 Ἐμαυτόν
1016 1661 1231 1705 ἐδιζησάμην,
1271 1661 1314 1696 ὡς
1353 1659 1388 1695 ἓν
1419 1663 1485 1695 τῶν
1518 1658 1677 1694 ὅντων-

212 1722 430 1772 Hesychius
449 1736 476 1760 S.
499 1737 533 1760 V.
550 1737 557 1761 ζ
590 1725 727 1769 ἐδίζησα
747 1727 924 1770 ἐμεωυτόν·
956 1725 1102 1771 ἐζήτησα
1122 1726 1276 1771 ἐμαυτόν.

265 1800 408 1827 LXXXI.
439 1789 581 1827 Seneca
608 1789 731 1840 Epist.
755 1793 828 1838 58:
859 1794 898 1827 et
928 1803 996 1839 ego
1026 1790 1117 1840 ipse,
1139 1789 1232 1828 dum
1261 1790 1399 1839 loquor
1417 1789 1562 1828 mutari
1589 1788 1674 1835 ista,

211 1858 385 1892 mutatus
412 1867 507 1893 sum.
549 1855 620 1892 hoc
649 1860 707 1892 est
737 1855 839 1904 quod
866 1855 921 1892 ait
950 1854 1200 1893 Heraclitus:
1237 1855 1285 1892 In
1315 1855 1416 1892 idem
1444 1855 1588 1892 flumen
1616 1854 1676 1892 bis

211 1919 474 1957 descendimus
494 1923 532 1957 et
548 1933 624 1957 non
644 1920 908 1957 descendimus
929 1934 935 1957 :
958 1923 1087 1957 manet
1103 1919 1203 1956 enim
1223 1919 1324 1957 idem
1339 1918 1508 1956 fluminis
1523 1932 1675 1962 nomen,

210 1998 311 2035 aqua
330 1985 552 2023 transmissa
573 1988 639 2022 est.
672 1985 743 2023 hoc
763 1986 803 2022 in
823 1999 933 2023 amne
959 1985 1199 2023 manifestius
1221 1988 1278 2022 est
1298 1998 1414 2034 quam
1440 1984 1480 2021 in
1509 1983 1675 2031 homine,

211 2050 278 2087 sed
298 2063 366 2087 nos
394 2063 545 2100 quoque
575 2064 653 2087 non
681 2050 807 2088 minus
835 2051 948 2088 velox
977 2064 1110 2088 cursus
1138 2049 1676 2100 praetervehita—Heraclitus

210 2114 335 2164 Alleg.
364 2115 480 2152 Hom.
514 2128 561 2161 24
593 2113 658 2166 (ad
686 2115 731 2152 fr.
764 2115 923 2155 LXVII
953 2115 1201 2166 cit.)-—-Conf.
1223 2114 1478 2164 Epicharmus
1497 2114 1542 2152 fr.
1563 2114 1607 2151 B.
1625 2126 1676 2160 40

211 2179 396 2226 Lorenz.;
429 2180 674 2218 Parmenides
696 2193 729 2218 v.
754 2183 802 2229 58
825 2180 945 2218 Stein.

266 2255 424 2282 LXXXII.
453 2244 630 2282 Plotinus
650 2245 750 2283 Eun.
769 2245 817 2282 iv.
832 2247 867 2290 8,
884 2258 919 2294 p.
943 2246 1042 2292 468;
1074 2244 1308 2282 Iambliehus
1337 2257 1396 2294 ap.
1419 2244 1523 2282 Stob.
1546 2244 1630 2283 Ecl.
1650 2244 1674 2282 i.

213 2322 275 2356 41,
296 2323 331 2358 p.
355 2311 455 2357 9o6‚·
494 2309 646 2347 Aeneas
675 2308 767 2348 Gaz.
791 2309 1039 2359 Theophrast.
1060 2323 1097 2359 p.
1121 2323 1142 2357 9
1165 2309 1230 2361 (ad
1249 2309 1292 2347 fr.
1315 2309 1532 2347 LXXXIII
1551 2308 1675 2360 citati)

210 2374 375 2411 —Confi
399 2375 656 2424 Hippocrates
676 2378 753 2423 περὶ
773 2377 897 2421 διαίτης
917 2375 940 2413 i.
963 2386 1028 2423 15,-
1059 2374 1174 2412 Philo
1195 2375 1241 2412 de
1263 2375 1427 2412 Cherub.
1453 2376 1513 2420 26,
1533 2387 1570 2424 p.
1590 2383 1675 2423 155.

265 2452 440 2477 LXXXIII.
470 2439 649 2478 Plotinus
677 2440 779 2478 Eun.
809 2440 857 2479 iv.
891 2442 927 2485 8,
958 2455 993 2490 p.
1028 2442 1131 2487 468:
1162 2444 1180 2476 ὁ
1208 2441 1269 2486 μὲν
1296 2442 1362 2488 γὰρ
1381 2440 1613 2487 *Ηράκλειτοῆ
1640 2440 1678 2477 ὃς

212 2507 288 2552 ἡμῖν
315 2506 578 2552 παρακελεύεται
608 2509 716 2551 ζητεῖν
734 2510 833 2542 τοῦτο
864 2505 955 2556 (scil.
980 2504 1169 2555 quomodo
1199 2504 1327 2542 anima
1355 2504 1396 2541 in
1425 2516 1562 2553 Corpus
1591 2503 1674 2541 des-

211 2570 410 2620 cenderib),
431 2572 576 2616 ἀμοιβάς·
593 2587 629 2606 τε
650 2572 830 2617 ἀναγκαίας
849 2572 1019 2616 τιθέμενος
1039 2572 1074 2606 ἐκ
1102 2575 1168 2606 τῶν
1187 2571 1353 2616 ἐναντίων,
1375 2571 1454 2605 ὁδόν
1471 2585 1509 2605 τε
1527 2570 1594 2605 ἵίνω
1623 2571 1676 2623 καὶ

212 2638 299 2671 κάτω
315 2637 425 2679 εἰπών,
443 2637 495 2670 καὶ
512 2638 739 2678 Μεταβάλλον
753 2636 962 2680 ἀναπαύεται,
981 2638 1033 2671 καὶ
1049 2637 1205 2681 Κάματός
1224 2636 1298 2671 ἐστι
1317 2637 1386 2672 τοῖς
1406 2637 1517 2672 αὐτοῖς
1535 2635 1676 2681 μοχθεῖν

213 2702 266 2735 καὶ
281 2701 447 2747 ἄρχεσθαι
463 2699 578 2749 (=fr.
594 2699 824 2750 LXXXII),
840 2702 978 2744 εἰκάζειν
996 2701 1126 2742 ἔδωκεν,
1143 2700 1316 2746 ἀμελήσας
1331 2702 1429 2747 σαφῆ
1445 2700 1522 2746 ἡμῖν
1535 2701 1676 2745 ποιῆσαι
1705 2745 1707 2748 Α

213 2766 272 2800 τὸν
289 2767 406 2812 λόγον,
427 2766 471 2801 ὡς
491 2765 566 2800 δέον
584 2764 668 2801 ἴσως
692 2765 771 2812 παρ’
792 2767 880 2814 αὐτῷ
911 2768 1020 2812 ζητεῖν
1048 2767 1166 2812 ὥσπερ
1195 2767 1247 2800 καὶ
1277 2766 1377 2802 αὐτὸς
1407 2764 1551 2810 ζητήσας
1579 2763 1677 2812 εὗρειὶ

258 2926 395 2950 LXXXII.
418 2917 577 2959 ἄγχεσθαι
599 2919 739 2950 Creuzer
759 2918 831 2949 coll.
849 2918 1010 2949 Hermete
1031 2929 1082 2959 ap.
1100 2918 1191 2949 Stob.
1210 2918 1280 2948 Ecl.
1299 2917 1320 2948 i.
1346 2927 1398 2959 39,
1414 2929 1445 2959 p.
1471 2916 1552 2957 768:
1579 2928 1674 2948 κατα-

214 2969 316 3001 λείπει
334 2969 392 3009 τὴν
409 2971 454 3010 τῷ
470 2969 591 3008 σώματι
609 2969 838 3010 προσκειμένην
856 2970 939 3009 (scil.
958 2969 1080 3009 ψυχήν)
1098 2968 1148 2999 καὶ
1168 2968 1217 3000 ὑπ’
1233 2969 1331 3000 αὐτοῦ
1347 2967 1535 3009 ἀγχομένην
1551 2967 1646 2999 κάτω.
