<?xml version="1.0" encoding="UTF-8"?>
<!DOCTYPE html PUBLIC "-//W3C//DTD XHTML 1.0 Transitional//EN"
    "http://www.w3.org/TR/xhtml1/DTD/xhtml1-transitional.dtd">
<html xmlns="http://www.w3.org/1999/xhtml" xml:lang="en" lang="en">
 <head>
  <title>
</title>
<meta http-equiv="Content-Type" content="text/html;charset=utf-8" />
  <meta name='ocr-system' content='tesseract 3.04.00' />
  <meta name='ocr-capabilities' content='ocr_page ocr_carea ocr_par ocr_line ocrx_word'/>
</head>
<body>
  <div class='ocr_page' id='page_1' title='image "./reliquiaerecensu00herauoft_0026.png"; bbox 0 0 1893 3230; ppageno 0'>
   <div class='ocr_carea' id='block_1_1' title="bbox 205 208 1188 247">
    <p class='ocr_par' dir='ltr' id='par_1_1' title="bbox 205 208 1188 247">
     <span class='ocr_line' id='line_1_1' title="bbox 205 208 1188 247; baseline 0.005 -5"><span class='ocrx_word' id='word_1_1' title='bbox 205 208 227 242; x_wconf 89' lang='lat'>8</span> <span class='ocrx_word' id='word_1_2' title='bbox 690 215 970 246; x_wconf 82' lang='lat' dir='ltr'><strong>HPAKAEITOY</strong></span> <span class='ocrx_word' id='word_1_3' title='bbox 1000 217 1188 247; x_wconf 86' lang='grc' dir='ltr'>ΕΦΕΣΙΟΥ</span> 
     </span>
    </p>
   </div>
   <div class='ocr_carea' id='block_1_2' title="bbox 189 363 1665 510">
    <p class='ocr_par' dir='ltr' id='par_1_2' title="bbox 189 363 1665 510">
     <span class='ocr_line' id='line_1_2' title="bbox 876 363 1000 405; baseline 0.008 -1"><span class='ocrx_word' id='word_1_4' title='bbox 876 363 1000 405; x_wconf 86' lang='grc' dir='ltr'><strong>ΧΙΧ.</strong></span> 
     </span>
     <span class='ocr_line' id='line_1_3' title="bbox 189 439 1665 510; baseline 0.003 -25"><span class='ocrx_word' id='word_1_5' title='bbox 189 439 285 485; x_wconf 63' lang='lat' dir='ltr'>dEu</span> <span class='ocrx_word' id='word_1_6' title='bbox 321 440 378 487; x_wconf 79' lang='grc' dir='ltr'>τὸ</span> <span class='ocrx_word' id='word_1_7' title='bbox 419 443 579 506; x_wconf 86' lang='grc' dir='ltr'>σοφόν,</span> <span class='ocrx_word' id='word_1_8' title='bbox 623 443 896 490; x_wconf 85' lang='grc' dir='ltr'>ἐπίστασθαι</span> <span class='ocrx_word' id='word_1_9' title='bbox 942 447 1113 505; x_wconf 78' lang='grc' dir='ltr'>γνώμην</span> <span class='ocrx_word' id='word_1_10' title='bbox 1153 446 1178 507; x_wconf 69' lang='grc' dir='ltr'><strong><em>ᾖ</em></strong></span> <span class='ocrx_word' id='word_1_11' title='bbox 1218 447 1476 510; x_wconf 80' lang='grc' dir='ltr'>κυβερνᾶται</span> <span class='ocrx_word' id='word_1_12' title='bbox 1517 443 1665 491; x_wconf 74' lang='grc' dir='ltr'>πάντα</span> 
     </span>
    </p>
   </div>
   <div class='ocr_carea' id='block_1_3' title="bbox 204 513 492 563">
    <p class='ocr_par' dir='ltr' id='par_1_3' title="bbox 204 513 492 563">
     <span class='ocr_line' id='line_1_4' title="bbox 204 513 492 563; baseline 0.01 -3"><span class='ocrx_word' id='word_1_13' title='bbox 204 513 272 561; x_wconf 64' lang='grc' dir='ltr'>διὰ</span> <span class='ocrx_word' id='word_1_14' title='bbox 309 514 492 563; x_wconf 71' lang='grc' dir='ltr'>πάντων.</span> 
     </span>
    </p>
   </div>
   <div class='ocr_carea' id='block_1_4' title="bbox 885 618 983 658">
    <p class='ocr_par' dir='ltr' id='par_1_4' title="bbox 885 618 983 658">
     <span class='ocr_line' id='line_1_5' title="bbox 885 618 983 658; baseline 0 0"><span class='ocrx_word' id='word_1_15' title='bbox 885 618 983 658; x_wconf 90' lang='grc' dir='ltr'>ΧΧ.</span> 
     </span>
    </p>
   </div>
   <div class='ocr_carea' id='block_1_5' title="bbox 202 695 1667 839">
    <p class='ocr_par' dir='ltr' id='par_1_5' title="bbox 202 695 1667 839">
     <span class='ocr_line' id='line_1_6' title="bbox 203 695 1667 749; baseline 0.003 -10"><span class='ocrx_word' id='word_1_16' title='bbox 203 695 393 749; x_wconf 81' lang='grc' dir='ltr'>Κόσμον</span> <span class='ocrx_word' id='word_1_17' title='bbox 424 696 650 745; x_wconf 68' lang='grc' dir='ltr'>&lt;τόνδε&gt;</span> <span class='ocrx_word' id='word_1_18' title='bbox 680 697 760 744; x_wconf 82' lang='grc' dir='ltr'>τὸν</span> <span class='ocrx_word' id='word_1_19' title='bbox 795 698 926 745; x_wconf 77' lang='grc' dir='ltr'>αὐτὸν</span> <span class='ocrx_word' id='word_1_20' title='bbox 961 698 1166 745; x_wconf 80' lang='grc' dir='ltr'>ἁπάντων</span> <span class='ocrx_word' id='word_1_21' title='bbox 1198 701 1298 746; x_wconf 68' lang='grc' dir='ltr'>οὔτε</span> <span class='ocrx_word' id='word_1_22' title='bbox 1326 721 1392 749; x_wconf 84' lang='grc' dir='ltr'>τις</span> <span class='ocrx_word' id='word_1_23' title='bbox 1431 702 1533 745; x_wconf 77' lang='grc' dir='ltr'>θεῶν</span> <span class='ocrx_word' id='word_1_24' title='bbox 1567 699 1667 745; x_wconf 69' lang='grc' dir='ltr'>οὔτε</span> 
     </span>
     <span class='ocr_line' id='line_1_7' title="bbox 202 772 1664 839; baseline 0.003 -22"><span class='ocrx_word' id='word_1_25' title='bbox 202 772 435 834; x_wconf 77' lang='grc' dir='ltr'>ἀνθρώπων</span> <span class='ocrx_word' id='word_1_26' title='bbox 480 776 669 829; x_wconf 86' lang='grc' dir='ltr'>ἐποίησε,</span> <span class='ocrx_word' id='word_1_27' title='bbox 719 776 818 821; x_wconf 82' lang='grc' dir='ltr'>ἀλλ’</span> <span class='ocrx_word' id='word_1_28' title='bbox 855 776 902 829; x_wconf 75' lang='grc' dir='ltr'>ἧν</span> <span class='ocrx_word' id='word_1_29' title='bbox 941 777 1019 821; x_wconf 78' lang='grc' dir='ltr'>αιέἳ</span> <span class='ocrx_word' id='word_1_30' title='bbox 1057 777 1126 821; x_wconf 71' lang='grc' dir='ltr'>καὶ</span> <span class='ocrx_word' id='word_1_31' title='bbox 1169 778 1266 823; x_wconf 74' lang='grc' dir='ltr'>ἔστι</span> <span class='ocrx_word' id='word_1_32' title='bbox 1308 776 1376 822; x_wconf 73' lang='grc' dir='ltr'>καὶ</span> <span class='ocrx_word' id='word_1_33' title='bbox 1415 778 1542 822; x_wconf 74' lang='grc' dir='ltr'>ἔσται</span> <span class='ocrx_word' id='word_1_34' title='bbox 1579 780 1664 839; x_wconf 79' lang='grc' dir='ltr'>πῦρ</span> 
     </span>
    </p>
   </div>
   <div class='ocr_carea' id='block_1_6' title="bbox 200 849 1552 918">
    <p class='ocr_par' dir='ltr' id='par_1_6' title="bbox 200 849 1552 918">
     <span class='ocr_line' id='line_1_8' title="bbox 200 849 1552 918; baseline 0.003 -24"><span class='ocrx_word' id='word_1_35' title='bbox 200 849 389 915; x_wconf 74' lang='grc' dir='ltr'>ἀείζωον,</span> <span class='ocrx_word' id='word_1_36' title='bbox 425 852 674 906; x_wconf 80' lang='grc' dir='ltr'>ἁπτόμενον</span> <span class='ocrx_word' id='word_1_37' title='bbox 708 854 849 918; x_wconf 84' lang='grc' dir='ltr'>μέτρα</span> <span class='ocrx_word' id='word_1_38' title='bbox 885 854 953 898; x_wconf 78' lang='grc' dir='ltr'>καὶ</span> <span class='ocrx_word' id='word_1_39' title='bbox 990 855 1364 911; x_wconf 78' lang='grc' dir='ltr'>ἀποσβεννύμενον</span> <span class='ocrx_word' id='word_1_40' title='bbox 1398 855 1552 916; x_wconf 85' lang='grc' dir='ltr'>με’τρα.</span> 
     </span>
    </p>
   </div>
   <div class='ocr_carea' id='block_1_7' title="bbox 191 1026 1665 2575">
    <p class='ocr_par' dir='ltr' id='par_1_7' title="bbox 196 1026 1665 1533">
     <span class='ocr_line' id='line_1_9' title="bbox 255 1026 1665 1077; baseline 0.001 -14"><span class='ocrx_word' id='word_1_41' title='bbox 255 1037 341 1064; x_wconf 88' lang='lat' dir='ltr'>XIX.</span> <span class='ocrx_word' id='word_1_42' title='bbox 371 1026 600 1065; x_wconf 72' lang='lat' dir='ltr'>Plutarchus</span> <span class='ocrx_word' id='word_1_43' title='bbox 626 1027 673 1065; x_wconf 80' lang='lat' dir='ltr'>de</span> <span class='ocrx_word' id='word_1_44' title='bbox 700 1027 805 1065; x_wconf 75' lang='lat' dir='ltr'>Iside</span> <span class='ocrx_word' id='word_1_45' title='bbox 829 1038 888 1076; x_wconf 84' lang='lat'>77,</span> <span class='ocrx_word' id='word_1_46' title='bbox 910 1041 945 1077; x_wconf 87' lang='lat' dir='ltr'>p.</span> <span class='ocrx_word' id='word_1_47' title='bbox 971 1031 1070 1077; x_wconf 74' lang='lat'>3822</span> <span class='ocrx_word' id='word_1_48' title='bbox 1109 1030 1128 1075; x_wconf 83' lang='grc' dir='ltr'>ἡ</span> <span class='ocrx_word' id='word_1_49' title='bbox 1152 1031 1188 1065; x_wconf 81' lang='grc' dir='ltr'>δέ</span> <span class='ocrx_word' id='word_1_50' title='bbox 1216 1032 1309 1074; x_wconf 77' lang='grc' dir='ltr'>ζῶσα</span> <span class='ocrx_word' id='word_1_51' title='bbox 1332 1031 1385 1065; x_wconf 76' lang='grc' dir='ltr'>καὶ</span> <span class='ocrx_word' id='word_1_52' title='bbox 1410 1030 1592 1073; x_wconf 80' lang='grc' dir='ltr'>βλέπουσα</span> <span class='ocrx_word' id='word_1_53' title='bbox 1613 1030 1665 1064; x_wconf 75' lang='grc' dir='ltr'>καὶ</span> 
     </span>
     <span class='ocr_line' id='line_1_10' title="bbox 199 1092 1664 1142; baseline 0.002 -15"><span class='ocrx_word' id='word_1_54' title='bbox 199 1092 361 1138; x_wconf 85' lang='grc' dir='ltr'>κινήσεως</span> <span class='ocrx_word' id='word_1_55' title='bbox 384 1094 492 1140; x_wconf 81' lang='grc' dir='ltr'>ἀρχὴν</span> <span class='ocrx_word' id='word_1_56' title='bbox 515 1095 553 1138; x_wconf 80' lang='grc' dir='ltr'>ἐξ</span> <span class='ocrx_word' id='word_1_57' title='bbox 579 1095 680 1139; x_wconf 75' lang='grc' dir='ltr'>αὐτῆς</span> <span class='ocrx_word' id='word_1_58' title='bbox 708 1095 838 1141; x_wconf 74' lang='grc' dir='ltr'>ἔχουσα</span> <span class='ocrx_word' id='word_1_59' title='bbox 867 1097 918 1129; x_wconf 82' lang='grc' dir='ltr'>καὶ</span> <span class='ocrx_word' id='word_1_60' title='bbox 948 1098 1075 1141; x_wconf 86' lang='grc' dir='ltr'>γνῶσιν</span> <span class='ocrx_word' id='word_1_61' title='bbox 1103 1094 1231 1130; x_wconf 83' lang='grc' dir='ltr'>οἰκείων</span> <span class='ocrx_word' id='word_1_62' title='bbox 1259 1096 1310 1130; x_wconf 83' lang='grc' dir='ltr'>καὶ</span> <span class='ocrx_word' id='word_1_63' title='bbox 1340 1095 1531 1142; x_wconf 85' lang='grc' dir='ltr'>ἀλλοτρίων</span> <span class='ocrx_word' id='word_1_64' title='bbox 1553 1094 1664 1141; x_wconf 78' lang='grc' dir='ltr'>φύσις</span> 
     </span>
     <span class='ocr_line' id='line_1_11' title="bbox 198 1155 1662 1210; baseline 0.002 -18"><span class='ocrx_word' id='word_1_65' title='bbox 198 1157 411 1205; x_wconf 76' lang='grc' dir='ltr'>ἀμωσγέπως</span> <span class='ocrx_word' id='word_1_66' title='bbox 438 1155 571 1210; x_wconf 67' lang='grc' dir='ltr'>[ἄλλως</span> <span class='ocrx_word' id='word_1_67' title='bbox 590 1175 626 1194; x_wconf 93' lang='grc' dir='ltr'>τε</span> <span class='ocrx_word' id='word_1_68' title='bbox 647 1155 768 1210; x_wconf 66' lang='lat' dir='ltr'>vulg]</span> <span class='ocrx_word' id='word_1_69' title='bbox 789 1161 937 1195; x_wconf 69' lang='grc' dir='ltr'>ἔσπακεν</span> <span class='ocrx_word' id='word_1_70' title='bbox 955 1160 1128 1207; x_wconf 75' lang='grc' dir='ltr'>ἀπορροὴν</span> <span class='ocrx_word' id='word_1_71' title='bbox 1148 1162 1201 1195; x_wconf 86' lang='grc' dir='ltr'>καὶ</span> <span class='ocrx_word' id='word_1_72' title='bbox 1220 1163 1339 1207; x_wconf 81' lang='grc' dir='ltr'>μοῖραν</span> <span class='ocrx_word' id='word_1_73' title='bbox 1357 1162 1393 1195; x_wconf 82' lang='grc' dir='ltr'>ἐκ</span> <span class='ocrx_word' id='word_1_74' title='bbox 1413 1164 1473 1195; x_wconf 82' lang='grc' dir='ltr'>τοῦ</span> <span class='ocrx_word' id='word_1_75' title='bbox 1493 1162 1662 1207; x_wconf 83' lang='grc' dir='ltr'>φρονοῦν-</span> 
     </span>
     <span class='ocr_line' id='line_1_12' title="bbox 198 1220 1663 1276; baseline 0.002 -18"><span class='ocrx_word' id='word_1_76' title='bbox 198 1237 255 1259; x_wconf 91' lang='grc' dir='ltr'>τος</span> <span class='ocrx_word' id='word_1_77' title='bbox 284 1221 311 1272; x_wconf 77' lang='grc' dir='ltr'><em>ᾦ</em></span> <span class='ocrx_word' id='word_1_78' title='bbox 342 1220 449 1275; x_wconf 85' lang='grc' dir='ltr'>[ὅπως</span> <span class='ocrx_word' id='word_1_79' title='bbox 477 1221 599 1276; x_wconf 69' lang='lat' dir='ltr'>vulg]</span> <span class='ocrx_word' id='word_1_80' title='bbox 630 1227 829 1271; x_wconf 81' lang='grc' dir='ltr'>κυβερνᾶται</span> <span class='ocrx_word' id='word_1_81' title='bbox 857 1226 896 1260; x_wconf 88' lang='grc' dir='ltr'>τὸ</span> <span class='ocrx_word' id='word_1_82' title='bbox 926 1224 1074 1270; x_wconf 78' lang='grc' dir='ltr'>σύμπαν,</span> <span class='ocrx_word' id='word_1_83' title='bbox 1100 1225 1171 1260; x_wconf 88' lang='grc' dir='ltr'>καθ’</span> <span class='ocrx_word' id='word_1_84' title='bbox 1190 1224 1663 1274; x_wconf 59' lang='grc' dir='ltr'>Ἠράκλειτον-Βίοςθηθε</span> 
     </span>
     <span class='ocr_line' id='line_1_13' title="bbox 199 1287 1665 1340; baseline 0.001 -16"><span class='ocrx_word' id='word_1_85' title='bbox 199 1287 327 1326; x_wconf 74' lang='lat' dir='ltr'>Laert.</span> <span class='ocrx_word' id='word_1_86' title='bbox 347 1287 399 1325; x_wconf 80' lang='lat' dir='ltr'>ix.</span> <span class='ocrx_word' id='word_1_87' title='bbox 420 1301 435 1325; x_wconf 94' lang='lat'>1</span> <span class='ocrx_word' id='word_1_88' title='bbox 455 1287 557 1340; x_wconf 63' lang='lat' dir='ltr'>(post,</span> <span class='ocrx_word' id='word_1_89' title='bbox 577 1289 622 1326; x_wconf 79' lang='lat' dir='ltr'>fr.</span> <span class='ocrx_word' id='word_1_90' title='bbox 646 1289 781 1339; x_wconf 83' lang='lat' dir='ltr'>XVI):</span> <span class='ocrx_word' id='word_1_91' title='bbox 823 1287 906 1325; x_wconf 77' lang='grc' dir='ltr'>εἶναι</span> <span class='ocrx_word' id='word_1_92' title='bbox 934 1291 1000 1337; x_wconf 85' lang='grc' dir='ltr'>γὰρ</span> <span class='ocrx_word' id='word_1_93' title='bbox 1029 1290 1064 1325; x_wconf 79' lang='grc' dir='ltr'>ἓν</span> <span class='ocrx_word' id='word_1_94' title='bbox 1086 1292 1124 1325; x_wconf 87' lang='grc' dir='ltr'>τὸ</span> <span class='ocrx_word' id='word_1_95' title='bbox 1155 1293 1280 1336; x_wconf 83' lang='grc' dir='ltr'>σοφόν,</span> <span class='ocrx_word' id='word_1_96' title='bbox 1303 1291 1510 1326; x_wconf 85' lang='grc' dir='ltr'>ἐπίστασθαι</span> <span class='ocrx_word' id='word_1_97' title='bbox 1529 1292 1665 1337; x_wconf 81' lang='grc' dir='ltr'>γνώμην</span> 
     </span>
     <span class='ocr_line' id='line_1_14' title="bbox 197 1354 1660 1402; baseline 0.002 -13"><span class='ocrx_word' id='word_1_98' title='bbox 197 1354 291 1398; x_wconf 64' lang='grc' dir='ltr'>ῒῆτε</span> <span class='ocrx_word' id='word_1_99' title='bbox 320 1357 352 1390; x_wconf 83' lang='grc' dir='ltr'>οἱ</span> <span class='ocrx_word' id='word_1_100' title='bbox 380 1355 657 1402; x_wconf 62' lang='grc' dir='ltr'>ἐγκυβερνήσειῒ</span> <span class='ocrx_word' id='word_1_101' title='bbox 687 1357 794 1391; x_wconf 85' lang='grc' dir='ltr'>πάντα</span> <span class='ocrx_word' id='word_1_102' title='bbox 814 1356 867 1390; x_wconf 81' lang='grc' dir='ltr'>διὰ</span> <span class='ocrx_word' id='word_1_103' title='bbox 886 1355 1184 1392; x_wconf 60' lang='grc' dir='ltr'>πάντων-ΟΟΠΈ.</span> <span class='ocrx_word' id='word_1_104' title='bbox 1210 1355 1413 1392; x_wconf 67' lang='lat' dir='ltr'>Cleanthes</span> <span class='ocrx_word' id='word_1_105' title='bbox 1444 1354 1497 1392; x_wconf 86' lang='lat' dir='ltr'>H.</span> <span class='ocrx_word' id='word_1_106' title='bbox 1518 1354 1558 1391; x_wconf 80' lang='lat' dir='ltr'>in</span> <span class='ocrx_word' id='word_1_107' title='bbox 1579 1354 1660 1392; x_wconf 81' lang='lat' dir='ltr'>Iov.</span> 
     </span>
     <span class='ocr_line' id='line_1_15' title="bbox 200 1419 1663 1468; baseline 0.001 -13"><span class='ocrx_word' id='word_1_108' title='bbox 200 1420 272 1466; x_wconf 80' lang='lat'>36:</span> <span class='ocrx_word' id='word_1_109' title='bbox 303 1420 358 1456; x_wconf 86' lang='grc' dir='ltr'>δὸς</span> <span class='ocrx_word' id='word_1_110' title='bbox 386 1421 422 1455; x_wconf 82' lang='grc' dir='ltr'>δέ</span> <span class='ocrx_word' id='word_1_111' title='bbox 451 1423 594 1467; x_wconf 81' lang='grc' dir='ltr'>κυρῆσαι</span> <span class='ocrx_word' id='word_1_112' title='bbox 613 1423 756 1468; x_wconf 80' lang='grc' dir='ltr'>γνώμης,</span> <span class='ocrx_word' id='word_1_113' title='bbox 784 1419 804 1464; x_wconf 81' lang='grc' dir='ltr'><em>ᾗ</em></span> <span class='ocrx_word' id='word_1_114' title='bbox 832 1421 975 1457; x_wconf 80' lang='grc' dir='ltr'>πίσυνος</span> <span class='ocrx_word' id='word_1_115' title='bbox 1004 1421 1049 1456; x_wconf 84' lang='grc' dir='ltr'>σὺ</span> <span class='ocrx_word' id='word_1_116' title='bbox 1079 1421 1170 1465; x_wconf 84' lang='grc' dir='ltr'>δίκης</span> <span class='ocrx_word' id='word_1_117' title='bbox 1197 1421 1280 1467; x_wconf 84' lang='grc' dir='ltr'>μέτα</span> <span class='ocrx_word' id='word_1_118' title='bbox 1307 1423 1416 1456; x_wconf 87' lang='grc' dir='ltr'>πάντα</span> <span class='ocrx_word' id='word_1_119' title='bbox 1445 1423 1663 1467; x_wconf 77' lang='grc' dir='ltr'>κυβερνᾷς-</span> 
     </span>
     <span class='ocr_line' id='line_1_16' title="bbox 196 1484 1641 1533; baseline 0 -13"><span class='ocrx_word' id='word_1_120' title='bbox 196 1484 481 1532; x_wconf 77' lang='lat' dir='ltr'>pseudo—Linus</span> <span class='ocrx_word' id='word_1_121' title='bbox 507 1498 552 1533; x_wconf 82' lang='lat'>13</span> <span class='ocrx_word' id='word_1_122' title='bbox 576 1485 754 1522; x_wconf 79' lang='lat' dir='ltr'>Mullach.</span> <span class='ocrx_word' id='word_1_123' title='bbox 774 1499 781 1522; x_wconf 74' lang='lat' dir='ltr'>t</span> <span class='ocrx_word' id='word_1_124' title='bbox 811 1486 879 1520; x_wconf 89' lang='grc' dir='ltr'>κατ’</span> <span class='ocrx_word' id='word_1_125' title='bbox 901 1487 971 1532; x_wconf 76' lang='grc' dir='ltr'>ἔριν</span> <span class='ocrx_word' id='word_1_126' title='bbox 991 1488 1186 1521; x_wconf 85' lang='grc' dir='ltr'>συνάπαντα</span> <span class='ocrx_word' id='word_1_127' title='bbox 1211 1488 1411 1533; x_wconf 82' lang='grc' dir='ltr'>κυβερνᾶται</span> <span class='ocrx_word' id='word_1_128' title='bbox 1434 1486 1487 1520; x_wconf 84' lang='grc' dir='ltr'>διὰ</span> <span class='ocrx_word' id='word_1_129' title='bbox 1506 1487 1641 1523; x_wconf 88' lang='grc' dir='ltr'>παντός.</span> 
     </span>
    </p>

    <p class='ocr_par' dir='ltr' id='par_1_8' title="bbox 191 1549 1664 2575">
     <span class='ocr_line' id='line_1_17' title="bbox 254 1549 1664 1599; baseline 0.001 -14"><span class='ocrx_word' id='word_1_130' title='bbox 254 1560 323 1586; x_wconf 83' lang='grc' dir='ltr'>ΧΧ.</span> <span class='ocrx_word' id='word_1_131' title='bbox 354 1549 582 1587; x_wconf 77' lang='lat' dir='ltr'><strong>Plutarchus</strong></span> <span class='ocrx_word' id='word_1_132' title='bbox 603 1550 649 1587; x_wconf 83' lang='lat' dir='ltr'>de</span> <span class='ocrx_word' id='word_1_133' title='bbox 664 1549 795 1587; x_wconf 84' lang='lat' dir='ltr'>Anim.</span> <span class='ocrx_word' id='word_1_134' title='bbox 810 1553 994 1599; x_wconf 73' lang='lat' dir='ltr'>procreat.</span> <span class='ocrx_word' id='word_1_135' title='bbox 1016 1559 1050 1597; x_wconf 83' lang='lat'>5,</span> <span class='ocrx_word' id='word_1_136' title='bbox 1066 1563 1104 1599; x_wconf 85' lang='lat' dir='ltr'>p.</span> <span class='ocrx_word' id='word_1_137' title='bbox 1125 1562 1247 1596; x_wconf 90' lang='lat'>1014:</span> <span class='ocrx_word' id='word_1_138' title='bbox 1279 1554 1408 1596; x_wconf 88' lang='grc' dir='ltr'>κόσμον</span> <span class='ocrx_word' id='word_1_139' title='bbox 1425 1552 1532 1595; x_wconf 85' lang='grc' dir='ltr'>τόνδε,</span> <span class='ocrx_word' id='word_1_140' title='bbox 1555 1552 1664 1598; x_wconf 87' lang='grc' dir='ltr'>φησὶν</span> 
     </span>
     <span class='ocr_line' id='line_1_18' title="bbox 196 1614 1662 1663; baseline 0.001 -14"><span class='ocrx_word' id='word_1_141' title='bbox 196 1614 428 1663; x_wconf 71' lang='grc' dir='ltr'>“Ηρα’κλειτος,</span> <span class='ocrx_word' id='word_1_142' title='bbox 450 1619 527 1651; x_wconf 82' lang='grc' dir='ltr'>οὕτε</span> <span class='ocrx_word' id='word_1_143' title='bbox 542 1632 592 1653; x_wconf 83' lang='grc' dir='ltr'>τις</span> <span class='ocrx_word' id='word_1_144' title='bbox 608 1617 692 1651; x_wconf 83' lang='grc' dir='ltr'>θεῶν</span> <span class='ocrx_word' id='word_1_145' title='bbox 711 1615 780 1651; x_wconf 76' lang='grc' dir='ltr'>οὔτ’</span> <span class='ocrx_word' id='word_1_146' title='bbox 800 1616 986 1663; x_wconf 82' lang='grc' dir='ltr'>ἀνθρώπων</span> <span class='ocrx_word' id='word_1_147' title='bbox 1007 1615 1174 1661; x_wconf 82' lang='grc' dir='ltr'>ἐποίησεν,</span> <span class='ocrx_word' id='word_1_148' title='bbox 1196 1617 1313 1662; x_wconf 83' lang='grc' dir='ltr'>ὥσπερ</span> <span class='ocrx_word' id='word_1_149' title='bbox 1334 1616 1499 1662; x_wconf 72' lang='grc' dir='ltr'>φοβηθεὶς</span> <span class='ocrx_word' id='word_1_150' title='bbox 1518 1617 1562 1661; x_wconf 83' lang='grc' dir='ltr'>μὴ</span> <span class='ocrx_word' id='word_1_151' title='bbox 1584 1616 1662 1651; x_wconf 85' lang='grc' dir='ltr'>θεοῦ</span> 
     </span>
     <span class='ocr_line' id='line_1_19' title="bbox 195 1680 1663 1728; baseline 0 -13"><span class='ocrx_word' id='word_1_152' title='bbox 195 1680 409 1727; x_wconf 79' lang='grc' dir='ltr'>ἀπογνόντες,</span> <span class='ocrx_word' id='word_1_153' title='bbox 429 1682 605 1728; x_wconf 69' lang='grc' dir='ltr'>ἄνθρωπόν</span> <span class='ocrx_word' id='word_1_154' title='bbox 623 1697 695 1716; x_wconf 87' lang='grc' dir='ltr'>τινα</span> <span class='ocrx_word' id='word_1_155' title='bbox 714 1681 885 1728; x_wconf 76' lang='grc' dir='ltr'>γεγονέναι</span> <span class='ocrx_word' id='word_1_156' title='bbox 911 1684 970 1716; x_wconf 84' lang='grc' dir='ltr'>τοῦ</span> <span class='ocrx_word' id='word_1_157' title='bbox 997 1683 1126 1727; x_wconf 89' lang='grc' dir='ltr'>κόσμου</span> <span class='ocrx_word' id='word_1_158' title='bbox 1147 1682 1349 1728; x_wconf 86' lang='grc' dir='ltr'>δημιουργὸν</span> <span class='ocrx_word' id='word_1_159' title='bbox 1368 1681 1663 1727; x_wconf 70' lang='grc' dir='ltr'>ὑπονοήσωμεν-</span> 
     </span>
     <span class='ocr_line' id='line_1_20' title="bbox 196 1745 1658 1796; baseline -0.001 -13"><span class='ocrx_word' id='word_1_160' title='bbox 196 1745 371 1783; x_wconf 76' lang='lat' dir='ltr'>Clemens</span> <span class='ocrx_word' id='word_1_161' title='bbox 401 1746 509 1783; x_wconf 83' lang='lat' dir='ltr'><strong>Alex.</strong></span> <span class='ocrx_word' id='word_1_162' title='bbox 543 1746 684 1784; x_wconf 70' lang='lat' dir='ltr'>Strom.</span> <span class='ocrx_word' id='word_1_163' title='bbox 713 1759 748 1783; x_wconf 89' lang='lat' dir='ltr'>V.</span> <span class='ocrx_word' id='word_1_164' title='bbox 775 1758 832 1792; x_wconf 88' lang='lat'>14,</span> <span class='ocrx_word' id='word_1_165' title='bbox 863 1759 899 1794; x_wconf 88' lang='lat' dir='ltr'>p.</span> <span class='ocrx_word' id='word_1_166' title='bbox 933 1755 1004 1793; x_wconf 88' lang='lat'>711</span> <span class='ocrx_word' id='word_1_167' title='bbox 1035 1745 1244 1796; x_wconf 81' lang='lat' dir='ltr'>(=Euseb.</span> <span class='ocrx_word' id='word_1_168' title='bbox 1277 1746 1317 1782; x_wconf 91' lang='lat' dir='ltr'>P.</span> <span class='ocrx_word' id='word_1_169' title='bbox 1350 1746 1391 1782; x_wconf 87' lang='lat' dir='ltr'>E.</span> <span class='ocrx_word' id='word_1_170' title='bbox 1424 1745 1506 1783; x_wconf 76' lang='lat' dir='ltr'>xiii.</span> <span class='ocrx_word' id='word_1_171' title='bbox 1533 1758 1592 1794; x_wconf 86' lang='lat'>13,</span> <span class='ocrx_word' id='word_1_172' title='bbox 1622 1759 1658 1795; x_wconf 90' lang='lat' dir='ltr'>p.</span> 
     </span>
     <span class='ocr_line' id='line_1_21' title="bbox 197 1810 1663 1860; baseline -0.001 -13"><span class='ocrx_word' id='word_1_173' title='bbox 197 1811 315 1860; x_wconf 91' lang='lat'><strong>676):</strong></span> <span class='ocrx_word' id='word_1_174' title='bbox 347 1814 553 1858; x_wconf 84' lang='grc' dir='ltr'>σαφέστατα</span> <span class='ocrx_word' id='word_1_175' title='bbox 571 1810 794 1859; x_wconf 71' lang='grc' dir='ltr'>εΗράκλειτος</span> <span class='ocrx_word' id='word_1_176' title='bbox 821 1815 838 1847; x_wconf 89' lang='grc' dir='ltr'>ὁ</span> <span class='ocrx_word' id='word_1_177' title='bbox 858 1812 1024 1858; x_wconf 83' lang='grc' dir='ltr'>Ἐφέσιος</span> <span class='ocrx_word' id='word_1_178' title='bbox 1049 1811 1168 1856; x_wconf 76' lang='grc' dir='ltr'>ταύτης</span> <span class='ocrx_word' id='word_1_179' title='bbox 1194 1813 1269 1847; x_wconf 80' lang='grc' dir='ltr'>ἐστὶ</span> <span class='ocrx_word' id='word_1_180' title='bbox 1293 1814 1352 1856; x_wconf 85' lang='grc' dir='ltr'>τῆς</span> <span class='ocrx_word' id='word_1_181' title='bbox 1378 1812 1490 1856; x_wconf 77' lang='grc' dir='ltr'>δόξης,</span> <span class='ocrx_word' id='word_1_182' title='bbox 1515 1812 1574 1846; x_wconf 84' lang='grc' dir='ltr'>τὸν</span> <span class='ocrx_word' id='word_1_183' title='bbox 1600 1811 1663 1856; x_wconf 80' lang='grc' dir='ltr'>μέν</span> 
     </span>
     <span class='ocr_line' id='line_1_22' title="bbox 194 1875 1663 1923; baseline 0 -12"><span class='ocrx_word' id='word_1_184' title='bbox 194 1892 268 1911; x_wconf 89' lang='grc' dir='ltr'>τινα</span> <span class='ocrx_word' id='word_1_185' title='bbox 297 1880 425 1923; x_wconf 89' lang='grc' dir='ltr'>κόσμον</span> <span class='ocrx_word' id='word_1_186' title='bbox 452 1875 560 1913; x_wconf 79' lang='grc' dir='ltr'>ἀΐδιον</span> <span class='ocrx_word' id='word_1_187' title='bbox 587 1875 669 1912; x_wconf 74' lang='grc' dir='ltr'>εἶναι</span> <span class='ocrx_word' id='word_1_188' title='bbox 698 1878 893 1922; x_wconf 86' lang='grc' dir='ltr'>δοκιμάσας,</span> <span class='ocrx_word' id='word_1_189' title='bbox 913 1879 971 1912; x_wconf 89' lang='grc' dir='ltr'>τὸν</span> <span class='ocrx_word' id='word_1_190' title='bbox 999 1878 1037 1912; x_wconf 83' lang='grc' dir='ltr'>δέ</span> <span class='ocrx_word' id='word_1_191' title='bbox 1063 1892 1136 1912; x_wconf 87' lang='grc' dir='ltr'>τινα</span> <span class='ocrx_word' id='word_1_192' title='bbox 1159 1878 1391 1923; x_wconf 85' lang='grc' dir='ltr'>φθειρόμενον,</span> <span class='ocrx_word' id='word_1_193' title='bbox 1412 1878 1470 1912; x_wconf 85' lang='grc' dir='ltr'>τὸν</span> <span class='ocrx_word' id='word_1_194' title='bbox 1495 1878 1578 1911; x_wconf 86' lang='grc' dir='ltr'>κατὰ</span> <span class='ocrx_word' id='word_1_195' title='bbox 1602 1878 1663 1921; x_wconf 83' lang='grc' dir='ltr'>τὴν</span> 
     </span>
     <span class='ocr_line' id='line_1_23' title="bbox 194 1941 1663 1989; baseline 0 -13"><span class='ocrx_word' id='word_1_196' title='bbox 194 1943 428 1988; x_wconf 86' lang='grc' dir='ltr'>διακόσμησιν,</span> <span class='ocrx_word' id='word_1_197' title='bbox 460 1944 557 1979; x_wconf 78' lang='grc' dir='ltr'>εἰδὼς</span> <span class='ocrx_word' id='word_1_198' title='bbox 586 1944 650 1989; x_wconf 82' lang='grc' dir='ltr'>οὐχ</span> <span class='ocrx_word' id='word_1_199' title='bbox 684 1943 799 1989; x_wconf 76' lang='grc' dir='ltr'>ἕτερον</span> <span class='ocrx_word' id='word_1_200' title='bbox 830 1942 909 1978; x_wconf 72' lang='grc' dir='ltr'>ὄντα</span> <span class='ocrx_word' id='word_1_201' title='bbox 940 1943 1064 1977; x_wconf 80' lang='grc' dir='ltr'>ἐκείνου</span> <span class='ocrx_word' id='word_1_202' title='bbox 1097 1957 1168 1978; x_wconf 88' lang='grc' dir='ltr'>πως</span> <span class='ocrx_word' id='word_1_203' title='bbox 1202 1943 1350 1987; x_wconf 75' lang='grc' dir='ltr'>ἔχοντος.</span> <span class='ocrx_word' id='word_1_204' title='bbox 1409 1941 1485 1976; x_wconf 81' lang='grc' dir='ltr'>ἀλλ’</span> <span class='ocrx_word' id='word_1_205' title='bbox 1515 1942 1566 1976; x_wconf 85' lang='grc' dir='ltr'>ὅτι</span> <span class='ocrx_word' id='word_1_206' title='bbox 1600 1943 1663 1986; x_wconf 80' lang='grc' dir='ltr'>μὲν</span> 
     </span>
     <span class='ocr_line' id='line_1_24' title="bbox 194 2003 1660 2058; baseline -0.001 -16"><span class='ocrx_word' id='word_1_207' title='bbox 194 2004 302 2043; x_wconf 80' lang='grc' dir='ltr'>ἀίδιον</span> <span class='ocrx_word' id='word_1_208' title='bbox 326 2010 384 2043; x_wconf 89' lang='grc' dir='ltr'>τὸν</span> <span class='ocrx_word' id='word_1_209' title='bbox 414 2008 452 2052; x_wconf 78' lang='grc' dir='ltr'>ἐξ</span> <span class='ocrx_word' id='word_1_210' title='bbox 481 2009 616 2052; x_wconf 86' lang='grc' dir='ltr'>ἁπάσης</span> <span class='ocrx_word' id='word_1_211' title='bbox 643 2010 702 2053; x_wconf 88' lang='grc' dir='ltr'>τῆς</span> <span class='ocrx_word' id='word_1_212' title='bbox 730 2008 850 2044; x_wconf 82' lang='grc' dir='ltr'>οὐσίας</span> <span class='ocrx_word' id='word_1_213' title='bbox 878 2008 992 2043; x_wconf 78' lang='grc' dir='ltr'>ἀϊδίως</span> <span class='ocrx_word' id='word_1_214' title='bbox 1022 2004 1125 2058; x_wconf 72' lang='lat' dir='ltr'><strong>[fort.</strong></span> <span class='ocrx_word' id='word_1_215' title='bbox 1157 2003 1265 2058; x_wconf 78' lang='grc' dir='ltr'>ἰδίως]</span> <span class='ocrx_word' id='word_1_216' title='bbox 1294 2008 1391 2043; x_wconf 89' lang='grc' dir='ltr'>ποιὸν</span> <span class='ocrx_word' id='word_1_217' title='bbox 1420 2010 1547 2051; x_wconf 89' lang='grc' dir='ltr'>κόσμον</span> <span class='ocrx_word' id='word_1_218' title='bbox 1575 2006 1660 2052; x_wconf 80' lang='grc' dir='ltr'>ᾔδει,</span> 
     </span>
     <span class='ocr_line' id='line_1_25' title="bbox 194 2072 1661 2120; baseline -0.001 -13"><span class='ocrx_word' id='word_1_219' title='bbox 194 2074 342 2120; x_wconf 80' lang='grc' dir='ltr'>φανερὸν</span> <span class='ocrx_word' id='word_1_220' title='bbox 361 2076 452 2108; x_wconf 82' lang='grc' dir='ltr'>ποιεῖ</span> <span class='ocrx_word' id='word_1_221' title='bbox 478 2075 590 2120; x_wconf 86' lang='grc' dir='ltr'>λέγων</span> <span class='ocrx_word' id='word_1_222' title='bbox 609 2072 726 2109; x_wconf 78' lang='grc' dir='ltr'>οὕτως·</span> <span class='ocrx_word' id='word_1_223' title='bbox 763 2076 902 2118; x_wconf 84' lang='grc' dir='ltr'>Κόσμον</span> <span class='ocrx_word' id='word_1_224' title='bbox 922 2074 982 2108; x_wconf 88' lang='grc' dir='ltr'>τὸν</span> <span class='ocrx_word' id='word_1_225' title='bbox 1002 2074 1102 2108; x_wconf 78' lang='grc' dir='ltr'>αὐτὸν</span> <span class='ocrx_word' id='word_1_226' title='bbox 1121 2074 1274 2107; x_wconf 86' lang='grc' dir='ltr'>ἁπάντων</span> <span class='ocrx_word' id='word_1_227' title='bbox 1293 2075 1370 2107; x_wconf 81' lang='grc' dir='ltr'>οὔτε</span> <span class='ocrx_word' id='word_1_228' title='bbox 1399 2087 1449 2108; x_wconf 84' lang='grc' dir='ltr'>τις</span> <span class='ocrx_word' id='word_1_229' title='bbox 1472 2072 1557 2107; x_wconf 83' lang='grc' dir='ltr'>θεῶν</span> <span class='ocrx_word' id='word_1_230' title='bbox 1583 2075 1661 2106; x_wconf 76' lang='grc' dir='ltr'>οὔτε</span> 
     </span>
     <span class='ocr_line' id='line_1_26' title="bbox 193 2137 1659 2183; baseline -0.001 -11"><span class='ocrx_word' id='word_1_231' title='bbox 193 2137 377 2183; x_wconf 83' lang='grc' dir='ltr'>ἀνθρώπων</span> <span class='ocrx_word' id='word_1_232' title='bbox 403 2138 569 2183; x_wconf 79' lang='grc' dir='ltr'>ἐποίησεν,</span> <span class='ocrx_word' id='word_1_233' title='bbox 592 2138 668 2173; x_wconf 80' lang='grc' dir='ltr'>ἀλλ’</span> <span class='ocrx_word' id='word_1_234' title='bbox 690 2138 729 2182; x_wconf 83' lang='grc' dir='ltr'>ἧν</span> <span class='ocrx_word' id='word_1_235' title='bbox 753 2138 804 2173; x_wconf 84' lang='grc' dir='ltr'>ἀεὶ</span> <span class='ocrx_word' id='word_1_236' title='bbox 831 2139 882 2173; x_wconf 79' lang='grc' dir='ltr'>καὶ</span> <span class='ocrx_word' id='word_1_237' title='bbox 908 2139 1001 2173; x_wconf 74' lang='grc' dir='ltr'>ἔστιν</span> <span class='ocrx_word' id='word_1_238' title='bbox 1020 2139 1071 2172; x_wconf 86' lang='grc' dir='ltr'>καὶ</span> <span class='ocrx_word' id='word_1_239' title='bbox 1099 2139 1196 2172; x_wconf 76' lang='grc' dir='ltr'>ἔσται</span> <span class='ocrx_word' id='word_1_240' title='bbox 1221 2140 1289 2183; x_wconf 81' lang='grc' dir='ltr'>πῦρ</span> <span class='ocrx_word' id='word_1_241' title='bbox 1315 2137 1453 2180; x_wconf 81' lang='grc' dir='ltr'>ἀείζωον</span> <span class='ocrx_word' id='word_1_242' title='bbox 1472 2139 1659 2180; x_wconf 86' lang='grc' dir='ltr'>ἁπτόμενον</span> 
     </span>
     <span class='ocr_line' id='line_1_27' title="bbox 192 2200 1657 2251; baseline 0.001 -15"><span class='ocrx_word' id='word_1_243' title='bbox 192 2202 298 2249; x_wconf 85' lang='grc' dir='ltr'>μέτρα</span> <span class='ocrx_word' id='word_1_244' title='bbox 317 2204 370 2237; x_wconf 80' lang='grc' dir='ltr'>καὶ</span> <span class='ocrx_word' id='word_1_245' title='bbox 388 2202 685 2248; x_wconf 79' lang='grc' dir='ltr'>ἀποσβεννύμενον</span> <span class='ocrx_word' id='word_1_246' title='bbox 702 2201 1082 2251; x_wconf 69' lang='lat' dir='ltr'>,uc&#39;rpa—Simplicius</span> <span class='ocrx_word' id='word_1_247' title='bbox 1103 2201 1143 2237; x_wconf 77' lang='lat' dir='ltr'>in</span> <span class='ocrx_word' id='word_1_248' title='bbox 1158 2201 1319 2238; x_wconf 67' lang='lat' dir='ltr'><strong>Aristot.</strong></span> <span class='ocrx_word' id='word_1_249' title='bbox 1341 2201 1387 2237; x_wconf 74' lang='lat' dir='ltr'>de</span> <span class='ocrx_word' id='word_1_250' title='bbox 1408 2200 1495 2238; x_wconf 79' lang='lat' dir='ltr'>cael.</span> <span class='ocrx_word' id='word_1_251' title='bbox 1512 2214 1549 2250; x_wconf 85' lang='lat' dir='ltr'>p.</span> <span class='ocrx_word' id='word_1_252' title='bbox 1569 2213 1657 2249; x_wconf 85' lang='lat'>132,</span> 
     </span>
     <span class='ocr_line' id='line_1_28' title="bbox 192 2265 1658 2315; baseline -0.001 -13"><span class='ocrx_word' id='word_1_253' title='bbox 192 2265 351 2304; x_wconf 74' lang='lat' dir='ltr'>Karst.:</span> <span class='ocrx_word' id='word_1_254' title='bbox 386 2269 439 2302; x_wconf 87' lang='grc' dir='ltr'>καὶ</span> <span class='ocrx_word' id='word_1_255' title='bbox 456 2267 678 2313; x_wconf 82' lang='grc' dir='ltr'>Ἡράκλειτος</span> <span class='ocrx_word' id='word_1_256' title='bbox 704 2268 739 2302; x_wconf 78' lang='grc' dir='ltr'>δὲ</span> <span class='ocrx_word' id='word_1_257' title='bbox 767 2268 850 2303; x_wconf 84' lang='grc' dir='ltr'>ποτὲ</span> <span class='ocrx_word' id='word_1_258' title='bbox 879 2269 940 2313; x_wconf 81' lang='grc' dir='ltr'>μὲν</span> <span class='ocrx_word' id='word_1_259' title='bbox 967 2268 1196 2315; x_wconf 78' lang='grc' dir='ltr'>ἐκπυροῦσθαι</span> <span class='ocrx_word' id='word_1_260' title='bbox 1220 2267 1314 2314; x_wconf 84' lang='grc' dir='ltr'>λέγει</span> <span class='ocrx_word' id='word_1_261' title='bbox 1334 2268 1393 2301; x_wconf 89' lang='grc' dir='ltr'>τὸν</span> <span class='ocrx_word' id='word_1_262' title='bbox 1412 2269 1552 2311; x_wconf 89' lang='grc' dir='ltr'>κόσμον,</span> <span class='ocrx_word' id='word_1_263' title='bbox 1573 2268 1658 2302; x_wconf 84' lang='grc' dir='ltr'>ποτὲ</span> 
     </span>
     <span class='ocr_line' id='line_1_29' title="bbox 193 2332 1660 2379; baseline 0 -13"><span class='ocrx_word' id='word_1_264' title='bbox 193 2332 229 2366; x_wconf 82' lang='grc' dir='ltr'>δέ</span> <span class='ocrx_word' id='word_1_265' title='bbox 253 2332 289 2366; x_wconf 84' lang='grc' dir='ltr'>ἐκ</span> <span class='ocrx_word' id='word_1_266' title='bbox 314 2335 374 2368; x_wconf 88' lang='grc' dir='ltr'>τοῦ</span> <span class='ocrx_word' id='word_1_267' title='bbox 399 2334 504 2379; x_wconf 86' lang='grc' dir='ltr'>πυρὸς</span> <span class='ocrx_word' id='word_1_268' title='bbox 527 2332 754 2368; x_wconf 82' lang='grc' dir='ltr'>συνίστασθαι</span> <span class='ocrx_word' id='word_1_269' title='bbox 783 2334 886 2368; x_wconf 88' lang='grc' dir='ltr'>πάλιν</span> <span class='ocrx_word' id='word_1_270' title='bbox 905 2334 1005 2368; x_wconf 84' lang='grc' dir='ltr'>αὐτὸν</span> <span class='ocrx_word' id='word_1_271' title='bbox 1031 2334 1113 2367; x_wconf 87' lang='grc' dir='ltr'>κατά</span> <span class='ocrx_word' id='word_1_272' title='bbox 1140 2348 1231 2369; x_wconf 89' lang='grc' dir='ltr'>τινας</span> <span class='ocrx_word' id='word_1_273' title='bbox 1257 2334 1387 2378; x_wconf 83' lang='grc' dir='ltr'>χρόνων</span> <span class='ocrx_word' id='word_1_274' title='bbox 1414 2332 1603 2378; x_wconf 87' lang='grc' dir='ltr'>περιόδους,</span> <span class='ocrx_word' id='word_1_275' title='bbox 1624 2332 1660 2366; x_wconf 86' lang='grc' dir='ltr'>ἐν</span> 
     </span>
     <span class='ocr_line' id='line_1_30' title="bbox 192 2395 1658 2444; baseline 0 -12"><span class='ocrx_word' id='word_1_276' title='bbox 192 2395 242 2433; x_wconf 74' lang='grc' dir='ltr'>οἷς</span> <span class='ocrx_word' id='word_1_277' title='bbox 262 2399 363 2442; x_wconf 88' lang='grc' dir='ltr'>φησι·</span> <span class='ocrx_word' id='word_1_278' title='bbox 404 2398 520 2444; x_wconf 82' lang='grc' dir='ltr'>Μέτρα</span> <span class='ocrx_word' id='word_1_279' title='bbox 540 2398 725 2443; x_wconf 86' lang='grc' dir='ltr'>ἁπτόμενος</span> <span class='ocrx_word' id='word_1_280' title='bbox 745 2399 797 2433; x_wconf 87' lang='grc' dir='ltr'>καὶ</span> <span class='ocrx_word' id='word_1_281' title='bbox 820 2398 925 2444; x_wconf 71' lang='grc' dir='ltr'>με’τρα</span> <span class='ocrx_word' id='word_1_282' title='bbox 949 2397 1172 2442; x_wconf 81' lang='grc' dir='ltr'>σβεννύμενος</span> <span class='ocrx_word' id='word_1_283' title='bbox 1203 2425 1210 2433; x_wconf 89' lang='grc'><strong>.</strong></span> <span class='ocrx_word' id='word_1_284' title='bbox 1233 2425 1242 2434; x_wconf 90' lang='grc'><strong>.</strong></span> <span class='ocrx_word' id='word_1_285' title='bbox 1264 2426 1271 2433; x_wconf 95' lang='grc'><strong>.</strong></span> <span class='ocrx_word' id='word_1_286' title='bbox 1295 2425 1303 2433; x_wconf 93' lang='grc'><strong>.</strong></span> <span class='ocrx_word' id='word_1_287' title='bbox 1333 2398 1440 2431; x_wconf 83' lang='grc' dir='ltr'>ἐκεῖνα</span> <span class='ocrx_word' id='word_1_288' title='bbox 1459 2397 1560 2431; x_wconf 82' lang='grc' dir='ltr'>εἰπὼν</span> <span class='ocrx_word' id='word_1_289' title='bbox 1580 2398 1658 2443; x_wconf 80' lang='grc' dir='ltr'>περὶ</span> 
     </span>
     <span class='ocr_line' id='line_1_31' title="bbox 191 2463 1658 2510; baseline 0.001 -13"><span class='ocrx_word' id='word_1_290' title='bbox 191 2463 367 2509; x_wconf 84' lang='grc' dir='ltr'>γενέσεως,</span> <span class='ocrx_word' id='word_1_291' title='bbox 393 2464 437 2500; x_wconf 83' lang='grc' dir='ltr'>ὣς</span> <span class='ocrx_word' id='word_1_292' title='bbox 465 2464 564 2508; x_wconf 79' lang='grc' dir='ltr'>δοκεῖ,</span> <span class='ocrx_word' id='word_1_293' title='bbox 586 2466 646 2498; x_wconf 86' lang='grc' dir='ltr'>τοῦ</span> <span class='ocrx_word' id='word_1_294' title='bbox 673 2466 802 2509; x_wconf 90' lang='grc' dir='ltr'>κόσμου</span> <span class='ocrx_word' id='word_1_295' title='bbox 829 2465 881 2498; x_wconf 83' lang='grc' dir='ltr'>καὶ</span> <span class='ocrx_word' id='word_1_296' title='bbox 907 2464 986 2498; x_wconf 86' lang='grc' dir='ltr'>τάδε</span> <span class='ocrx_word' id='word_1_297' title='bbox 1012 2463 1177 2510; x_wconf 84' lang='grc' dir='ltr'>γέγραφε·</span> <span class='ocrx_word' id='word_1_298' title='bbox 1211 2463 1351 2507; x_wconf 89' lang='grc' dir='ltr'>Κόσμον</span> <span class='ocrx_word' id='word_1_299' title='bbox 1378 2463 1473 2497; x_wconf 87' lang='grc' dir='ltr'>τόνδε</span> <span class='ocrx_word' id='word_1_300' title='bbox 1502 2465 1578 2497; x_wconf 79' lang='grc' dir='ltr'>οὕτε</span> <span class='ocrx_word' id='word_1_301' title='bbox 1607 2477 1658 2499; x_wconf 72' lang='grc' dir='ltr'>τις</span> 
     </span>
     <span class='ocr_line' id='line_1_32' title="bbox 193 2527 1657 2575; baseline 0 -13"><span class='ocrx_word' id='word_1_302' title='bbox 193 2529 277 2563; x_wconf 86' lang='grc' dir='ltr'>θεῶν</span> <span class='ocrx_word' id='word_1_303' title='bbox 304 2528 373 2563; x_wconf 76' lang='grc' dir='ltr'>οὔτ’</span> <span class='ocrx_word' id='word_1_304' title='bbox 394 2529 580 2575; x_wconf 80' lang='grc' dir='ltr'>ἀνθρώπων</span> <span class='ocrx_word' id='word_1_305' title='bbox 608 2530 777 2573; x_wconf 83' lang='grc' dir='ltr'>ἐποίησεν,</span> <span class='ocrx_word' id='word_1_306' title='bbox 806 2528 885 2563; x_wconf 82' lang='grc' dir='ltr'>ἀλλ’</span> <span class='ocrx_word' id='word_1_307' title='bbox 906 2528 945 2573; x_wconf 83' lang='grc' dir='ltr'>ἧν</span> <span class='ocrx_word' id='word_1_308' title='bbox 973 2529 1034 2564; x_wconf 77' lang='grc' dir='ltr'>ἀεί.</span> <span class='ocrx_word' id='word_1_309' title='bbox 1093 2531 1110 2562; x_wconf 92' lang='grc' dir='ltr'>ὁ</span> <span class='ocrx_word' id='word_1_310' title='bbox 1130 2527 1242 2572; x_wconf 84' lang='grc' dir='ltr'>μέντοι</span> <span class='ocrx_word' id='word_1_311' title='bbox 1261 2528 1497 2574; x_wconf 79' lang='grc' dir='ltr'>Ἀλέξανδρος,</span> <span class='ocrx_word' id='word_1_312' title='bbox 1528 2529 1657 2569; x_wconf 81' lang='grc' dir='ltr'>βουλό-</span> 
     </span>
    </p>
   </div>
   <div class='ocr_carea' id='block_1_8' title="bbox 191 2591 1657 2640">
    <p class='ocr_par' dir='ltr' id='par_1_9' title="bbox 191 2591 1657 2640">
     <span class='ocr_line' id='line_1_33' title="bbox 191 2591 1657 2640; baseline 0 -13"><span class='ocrx_word' id='word_1_313' title='bbox 191 2608 291 2637; x_wconf 87' lang='grc' dir='ltr'>μενος</span> <span class='ocrx_word' id='word_1_314' title='bbox 309 2596 367 2628; x_wconf 85' lang='grc' dir='ltr'>τὸν</span> <span class='ocrx_word' id='word_1_315' title='bbox 385 2593 606 2640; x_wconf 68' lang='grc' dir='ltr'>“Ηράκλειτον</span> <span class='ocrx_word' id='word_1_316' title='bbox 624 2595 764 2640; x_wconf 86' lang='grc' dir='ltr'>γενητὸν</span> <span class='ocrx_word' id='word_1_317' title='bbox 783 2595 835 2628; x_wconf 78' lang='grc' dir='ltr'>καὶ</span> <span class='ocrx_word' id='word_1_318' title='bbox 861 2594 1014 2640; x_wconf 86' lang='grc' dir='ltr'>φθαρτὸν</span> <span class='ocrx_word' id='word_1_319' title='bbox 1034 2593 1146 2640; x_wconf 80' lang='grc' dir='ltr'>λέγειν</span> <span class='ocrx_word' id='word_1_320' title='bbox 1165 2594 1222 2627; x_wconf 87' lang='grc' dir='ltr'>τὸν</span> <span class='ocrx_word' id='word_1_321' title='bbox 1241 2594 1380 2638; x_wconf 83' lang='grc' dir='ltr'>κόσμον,</span> <span class='ocrx_word' id='word_1_322' title='bbox 1401 2593 1515 2628; x_wconf 69' lang='grc' dir='ltr'>ἄλλως</span> <span class='ocrx_word' id='word_1_323' title='bbox 1542 2591 1657 2627; x_wconf 81' lang='grc' dir='ltr'>ἀκούει</span> 
     </span>
    </p>
   </div>
   <div class='ocr_carea' id='block_1_9' title="bbox 191 2719 1654 2918">
    <p class='ocr_par' dir='ltr' id='par_1_10' title="bbox 191 2719 1654 2866">
     <span class='ocr_line' id='line_1_34' title="bbox 236 2719 1654 2762; baseline 0 -11"><span class='ocrx_word' id='word_1_324' title='bbox 236 2730 311 2751; x_wconf 79' lang='lat' dir='ltr'><strong>XIX.</strong></span> <span class='ocrx_word' id='word_1_325' title='bbox 335 2721 386 2760; x_wconf 79' lang='grc' dir='ltr'>ἥτ’</span> <span class='ocrx_word' id='word_1_326' title='bbox 410 2720 461 2761; x_wconf 78' lang='grc' dir='ltr'>οἵη</span> <span class='ocrx_word' id='word_1_327' title='bbox 485 2721 672 2762; x_wconf 82' lang='grc' dir='ltr'>κυβερνήσει</span> <span class='ocrx_word' id='word_1_328' title='bbox 697 2721 857 2762; x_wconf 80' lang='lat' dir='ltr'>Diogenis</span> <span class='ocrx_word' id='word_1_329' title='bbox 884 2721 934 2752; x_wconf 80' lang='lat' dir='ltr'>ed.</span> <span class='ocrx_word' id='word_1_330' title='bbox 965 2722 1091 2758; x_wconf 66' lang='lat' dir='ltr'>Cobet„</span> <span class='ocrx_word' id='word_1_331' title='bbox 1114 2721 1414 2753; x_wconf 83' lang='lat' dir='ltr'>Schleiermacher:</span> <span class='ocrx_word' id='word_1_332' title='bbox 1451 2720 1500 2760; x_wconf 83' lang='grc' dir='ltr'>ἥτ’</span> <span class='ocrx_word' id='word_1_333' title='bbox 1525 2719 1654 2759; x_wconf 72' lang='grc' dir='ltr'>οἶακίζει</span> 
     </span>
     <span class='ocr_line' id='line_1_35' title="bbox 191 2772 1651 2815; baseline 0.001 -12"><span class='ocrx_word' id='word_1_334' title='bbox 191 2772 340 2813; x_wconf 84' lang='lat' dir='ltr'>Bernays</span> <span class='ocrx_word' id='word_1_335' title='bbox 362 2773 410 2803; x_wconf 88' lang='lat' dir='ltr'>M.</span> <span class='ocrx_word' id='word_1_336' title='bbox 431 2773 495 2803; x_wconf 85' lang='lat' dir='ltr'>Rh.</span> <span class='ocrx_word' id='word_1_337' title='bbox 513 2773 556 2804; x_wconf 87' lang='lat' dir='ltr'>ix.</span> <span class='ocrx_word' id='word_1_338' title='bbox 581 2785 612 2813; x_wconf 91' lang='lat' dir='ltr'>p.</span> <span class='ocrx_word' id='word_1_339' title='bbox 635 2782 716 2813; x_wconf 75' lang='lat'>253:</span> <span class='ocrx_word' id='word_1_340' title='bbox 743 2772 792 2804; x_wconf 83' lang='grc' dir='ltr'>ὅτι</span> <span class='ocrx_word' id='word_1_341' title='bbox 811 2772 845 2804; x_wconf 83' lang='grc' dir='ltr'>ἓν</span> <span class='ocrx_word' id='word_1_342' title='bbox 866 2772 1035 2814; x_wconf 83' lang='grc' dir='ltr'>κυβέρνησι</span> <span class='ocrx_word' id='word_1_343' title='bbox 1059 2773 1193 2814; x_wconf 83' lang='lat' dir='ltr'>Bergk;</span> <span class='ocrx_word' id='word_1_344' title='bbox 1216 2773 1312 2813; x_wconf 84' lang='lat' dir='ltr'>plura</span> <span class='ocrx_word' id='word_1_345' title='bbox 1336 2784 1365 2805; x_wconf 89' lang='lat' dir='ltr'>v.</span> <span class='ocrx_word' id='word_1_346' title='bbox 1391 2773 1424 2803; x_wconf 87' lang='lat' dir='ltr'>in</span> <span class='ocrx_word' id='word_1_347' title='bbox 1447 2773 1602 2815; x_wconf 85' lang='lat' dir='ltr'>Append.</span> <span class='ocrx_word' id='word_1_348' title='bbox 1621 2773 1651 2806; x_wconf 90' lang='lat' dir='ltr'>I.</span> 
     </span>
     <span class='ocr_line' id='line_1_36' title="bbox 191 2825 947 2866; baseline 0.001 -11"><span class='ocrx_word' id='word_1_349' title='bbox 191 2828 225 2855; x_wconf 75' lang='lat' dir='ltr'>et</span> <span class='ocrx_word' id='word_1_350' title='bbox 242 2835 293 2864; x_wconf 84' lang='lat' dir='ltr'>ap.</span> <span class='ocrx_word' id='word_1_351' title='bbox 312 2825 471 2855; x_wconf 75' lang='lat' dir='ltr'>Mullach.</span> <span class='ocrx_word' id='word_1_352' title='bbox 490 2825 532 2855; x_wconf 84' lang='lat' dir='ltr'>ad</span> <span class='ocrx_word' id='word_1_353' title='bbox 550 2825 729 2856; x_wconf 75' lang='lat' dir='ltr'><strong>Democrit.</strong></span> <span class='ocrx_word' id='word_1_354' title='bbox 747 2826 801 2856; x_wconf 81' lang='lat' dir='ltr'>frr.</span> <span class='ocrx_word' id='word_1_355' title='bbox 822 2837 852 2866; x_wconf 91' lang='lat' dir='ltr'>p.</span> <span class='ocrx_word' id='word_1_356' title='bbox 876 2835 947 2866; x_wconf 85' lang='lat'>294.</span> 
     </span>
    </p>

    <p class='ocr_par' dir='ltr' id='par_1_11' title="bbox 237 2875 1652 2918">
     <span class='ocr_line' id='line_1_37' title="bbox 237 2875 1652 2918; baseline 0.001 -13"><span class='ocrx_word' id='word_1_357' title='bbox 237 2884 297 2907; x_wconf 84' lang='lat' dir='ltr'>xx.</span> <span class='ocrx_word' id='word_1_358' title='bbox 321 2876 447 2906; x_wconf 85' lang='grc' dir='ltr'>πάντων</span> <span class='ocrx_word' id='word_1_359' title='bbox 472 2876 605 2907; x_wconf 79' lang='lat' dir='ltr'>Eusebii</span> <span class='ocrx_word' id='word_1_360' title='bbox 629 2877 720 2907; x_wconf 73' lang='lat' dir='ltr'>codd.</span> <span class='ocrx_word' id='word_1_361' title='bbox 776 2882 786 2915; x_wconf 83' lang='grc'>11</span> <span class='ocrx_word' id='word_1_362' title='bbox 814 2876 873 2907; x_wconf 74' lang='grc' dir='ltr'>αἰεὶ</span> <span class='ocrx_word' id='word_1_363' title='bbox 898 2877 1032 2908; x_wconf 80' lang='lat' dir='ltr'>Eusebii</span> <span class='ocrx_word' id='word_1_364' title='bbox 1057 2877 1150 2908; x_wconf 80' lang='lat' dir='ltr'>codd.</span> <span class='ocrx_word' id='word_1_365' title='bbox 1171 2877 1199 2907; x_wconf 88' lang='lat' dir='ltr'>B</span> <span class='ocrx_word' id='word_1_366' title='bbox 1217 2877 1273 2908; x_wconf 89' lang='lat' dir='ltr'>C.:</span> <span class='ocrx_word' id='word_1_367' title='bbox 1304 2876 1353 2907; x_wconf 72' lang='grc' dir='ltr'>ἀεὶ</span> <span class='ocrx_word' id='word_1_368' title='bbox 1376 2877 1465 2918; x_wconf 80' lang='lat' dir='ltr'><strong>vulg.</strong></span> <span class='ocrx_word' id='word_1_369' title='bbox 1515 2881 1527 2916; x_wconf 83' lang='grc'>11</span> <span class='ocrx_word' id='word_1_370' title='bbox 1548 2875 1652 2917; x_wconf 84' lang='grc' dir='ltr'>μέτρῳ</span> 
     </span>
    </p>
   </div>
   <div class='ocr_carea' id='block_1_10' title="bbox 192 2927 1195 2970">
    <p class='ocr_par' dir='ltr' id='par_1_12' title="bbox 192 2927 1195 2970">
     <span class='ocr_line' id='line_1_38' title="bbox 192 2927 1195 2970; baseline 0.002 -12"><span class='ocrx_word' id='word_1_371' title='bbox 192 2927 325 2959; x_wconf 86' lang='lat' dir='ltr'><strong>Eusebii</strong></span> <span class='ocrx_word' id='word_1_372' title='bbox 343 2928 392 2959; x_wconf 87' lang='lat' dir='ltr'>ed.</span> <span class='ocrx_word' id='word_1_373' title='bbox 409 2928 534 2969; x_wconf 62' lang='lat' dir='ltr'>Steph„</span> <span class='ocrx_word' id='word_1_374' title='bbox 554 2929 597 2959; x_wconf 93' lang='lat' dir='ltr'>H.</span> <span class='ocrx_word' id='word_1_375' title='bbox 615 2929 801 2970; x_wconf 67' lang='lat' dir='ltr'>Stephanus</span> <span class='ocrx_word' id='word_1_376' title='bbox 819 2930 910 2961; x_wconf 76' lang='lat' dir='ltr'><strong>Poes.</strong></span> <span class='ocrx_word' id='word_1_377' title='bbox 928 2930 1052 2961; x_wconf 77' lang='lat' dir='ltr'><strong>Philos.</strong></span> <span class='ocrx_word' id='word_1_378' title='bbox 1071 2940 1102 2970; x_wconf 88' lang='lat' dir='ltr'>p.</span> <span class='ocrx_word' id='word_1_379' title='bbox 1124 2938 1195 2970; x_wconf 85' lang='lat'>132.</span> 
     </span>
    </p>
   </div>
  </div>
 </body>
</html>
