1893 3230
774 283 877 312 ΠΕΡΙ
907 283 1087 313 «mmm.
1614 275 1661 309 35

807 400 1054 441 LXXXIV.

197 480 288 526 Καὶ
314 482 337 526 ὁ
362 482 510 526 κυκεών
536 480 759 527 διίσταται
784 483 841 535 μὴ
866 483 1112 535 κινεόμενος.

817 597 1036 637 LXXXV.

195 677 352 727 Νέκυες
377 678 565 740 κοπρίων
589 678 924 741 ἐκβλητότεροι.

194 811 245 863 (V.
268 811 313 850 fr.
336 811 676 863 LXXX)—--Idem
704 813 754 851 iV.
786 815 820 859 8,
850 827 889 863 p.
913 822 1012 862 473:
1044 815 1113 850 οὐδ’
1134 815 1152 860 ἡ
1173 814 1444 860 Ἐμπεδοκλέους
1471 813 1565 860 φυγὴ
1595 812 1663 847 ἀπὸ

191 882 252 914 τοῦ
282 879 360 914 θεοῦ
389 880 443 914 καὶ
469 880 592 924 πλάνη,
612 879 680 914 οὐδ’
702 879 720 924 ἡ
743 881 887 927 ἁμαρτία
915 880 971 927 ἐφ’
992 877 1013 924 ᾗ
1039 880 1057 925 ἡ
1083 881 1168 925 δίκη,
1189 881 1268 915 οὐδὲ
1289 880 1307 924 ἡ
1330 877 1556 926 Ἡρακλείτου
1585 878 1662 912 ἀνά-

191 946 306 979 παυλα
325 945 361 979 ἐν
379 948 418 989 τῇ
438 943 826 991 ‹pvny——Iamblichus
846 957 904 994 ap.
929 944 1034 982 Stob.
1058 944 1137 982 Ecl.
1159 944 1182 982 i.
1206 957 1268 991 41,
1289 957 1325 993 p.
1349 944 1424 992 906
1444 956 1450 980 ;
1480 943 1664 990 Ἡράκλει-

192 1024 250 1046 τος
268 1010 330 1055 μὲν
347 1011 414 1057 γὰρ
443 1010 590 1055 ἀμοιβὰς
618 1011 799 1058 ἀναγκαίας
827 1011 955 1046 τίθεται
985 1012 1020 1046 ἐκ
1048 1014 1115 1046 τῶν
1145 1011 1312 1055 ἐναντίων,
1343 1011 1421 1045 ὁδόν
1448 1025 1485 1044 τε
1513 1008 1580 1043 ι’ίνω
1610 1009 1664 1042 καὶ

191 1075 280 1110 κάτω
301 1074 561 1121 διαπορεύεσθαι
581 1076 641 1112 τὰς
659 1077 781 1122 ψυχὰς
806 1077 988 1123 ὑπείληφε·
1020 1077 1074 1111 καὶ
1101 1078 1140 1111 τὸ
1168 1077 1230 1121 μὲν
1257 1078 1327 1112 τοῖς
1355 1076 1469 1111 αὐτοῖς
1496 1074 1664 1118 ἐπιμένειν

192 1140 340 1184 κάματον
368 1137 460 1185 εἶναι,
480 1140 519 1175 τὸ
549 1141 584 1175 δὲ
613 1143 844 1185 μεταβάλλειν
864 1142 981 1189 φέρειν
1011 1140 1366 1177 ἀνιὶπαυσιν--Ιᾶθῌὶ
1396 1153 1431 1188 p.
1455 1141 1557 1188 894:
1590 1141 1662 1175 κατ’

190 1203 425 1250 Ἐμπεδοκλέα
445 1206 480 1240 δέ
500 1207 559 1250 τῆς
577 1207 712 1252 πρώτης
731 1207 797 1242 ἀπὸ
817 1209 878 1241 τοῦ
907 1207 985 1241 θεοῦ
1014 1209 1138 1253 φυγῆς,
1160 1206 1231 1241 καθ’
1251 1206 1475 1251 Ἠράκλειτον
1494 1205 1529 1239 δὲ
1549 1207 1608 1249 τῆς
1627 1205 1662 1239 ἐν

191 1273 238 1318 τῷ
257 1270 539 1315 μεταβάλλεσθαι
558 1270 752 1316 ἀναπαύλης
773 1300 779 1306 .
805 1299 811 1307 .
835 1300 841 1307 .
864 1273 971 1308 αἰτίας
993 1272 1191 1319 γιγνομένης
1218 1275 1285 1306 τῶν
1304 1274 1508 1318 καταγωγῶν
1528 1270 1664 1318 ἐνεργη-

189 1333 508 1380 parav—Aeneas
526 1334 697 1372 Gazaeus
718 1335 968 1385 Theophras&
982 1349 1018 1385 p.
1038 1350 1059 1384 9
1077 1336 1210 1374 Barth.
1226 1349 1233 1373 :
1255 1339 1273 1372 ὁ
1289 1337 1349 1382 μὲν
1362 1337 1428 1384 γὰρ
1440 1336 1664 1382 Ἡράκλειτος

190 1400 351 1447 διαδοχὴν
370 1401 551 1449 ἀναγκαίαν
570 1402 741 1446 τιθέμενος
760 1402 826 1437 ι’ίνω
847 1404 900 1437 καὶ
919 1404 1007 1437 κάτω
1022 1403 1140 1449 ψυχῆς
1159 1403 1217 1447 τὴν
1231 1403 1372 1448 πορείαν
1391 1403 1457 1448 ἔφη
1473 1401 1662 1448 γίγνεσθαι·

155 1496 157 1498 .
190 1465 263 1502 ἐπεὶ
283 1467 428 1512 κάματος
448 1468 502 1502 ε’πὶ
521 1470 591 1504 τοῖς
610 1468 723 1504 αὐτοῖς
749 1468 815 1503 ἅνω
845 1468 985 1514 μοχθεῖν
1014 1469 1066 1503 καὶ
1095 1471 1165 1504 τοῖς
1194 1468 1283 1504 θεοῖς
1312 1469 1582 1513 συμπεριπολεῖν
1611 1469 1664 1502 καὶ

190 1531 359 1578 ἄρχεσθαι
380 1529 431 1582 (V.
454 1531 501 1569 fr.
522 1530 753 1583 LXXXII).
794 1534 848 1568 διὰ
867 1537 967 1568 τοῦτο
985 1537 1025 1578 τῇ
1052 1536 1112 1569 τοῦ
1136 1533 1269 1580 ἠρεμεῖν
1289 1533 1447 1578 ἐπιθυμίᾳ
1475 1533 1527 1567 καὶ
1557 1533 1663 1579 ἀρχῆς

190 1597 304 1632 ἐλπίδι
333 1598 420 1632 κάτω
449 1599 539 1644 φησὶ
567 1598 737 1645 φέρεσθαι
765 1598 824 1643 τὴν
853 1598 983 1644 ψυχήν.
1019 1601 1036 1633 ὁ
1061 1598 1097 1634 δέ
1116 1599 1349 1644 Ἐμπεδοκλῆς
1369 1595 1604 1634 κτέ-Ῑᾶθιᾘ,
1625 1609 1664 1645 p.

195 1672 267 1698 11:
297 1661 531 1709 Ἡράκλειτος,
554 1661 580 1712 ᾧ
601 1664 692 1699 δοκεῖ
716 1667 782 1699 τῶν
801 1663 867 1698 ἅνω
895 1666 1006 1699 πόνων
1034 1666 1092 1708 τῆς
1120 1665 1240 1710 ψυχῆς
1269 1663 1465 1698 ἀνάπαυλαν
1493 1660 1574 1698 εἶναι
1602 1663 1663 1707 τὴν

190 1728 238 1764 εἷς
256 1728 353 1763 τόνδε
372 1729 430 1763 τὸν
447 1727 525 1770 βίον
545 1728 668 1775 φυγήν.

245 1803 418 1830 LXXXIV.
449 1792 735 1842 Theophrastus
767 1810 802 1831 π.
838 1794 980 1841 ἰλίγγων
1016 1807 1048 1841 9,
1081 1806 1118 1842 p.
1160 1795 1233 1842 138
1268 1793 1496 1830 XVimmelu:
1526 1794 1567 1828 τὰ
1595 1794 1662 1840 γὰρ

189 1859 367 1904 πεφυκότα
393 1859 555 1895 κινεῖσθαι
580 1859 702 1904 ταύτην
720 1860 780 1904 τὴν
799 1860 930 1904 κίνησιν
950 1861 1093 1903 σώζεται
1122 1861 1174 1894 καὶ
1204 1858 1366 1904 συμμένει
1396 1859 1451 1893 διὰ
1479 1858 1614 1903 ταύτην,
1635 1858 1665 1892 εἷ

189 1923 229 1968 δή
253 1919 369 1974 [δέμὴ
389 1923 493 1972 vulg.
514 1936 609 1960 corr.
633 1920 832 1976 Bernays}
853 1925 1003 1971 καθάπερ
1030 1924 1252 1971 “Ηράκλειτός
1279 1925 1381 1970 φησι,
1411 1925 1464 1958 καὶ
1493 1924 1511 1957 ὁ
1541 1924 1665 1958 κυκεὼν

190 1989 358 2024 διίσταται
380 1997 415 2028 <
427 1989 471 2035 μὴ
484 1998 520 2028 >
542 1988 1010 2035 κινούμενος-ΑΙΘΧειΠᾶΘΓ
1024 1987 1198 2038 Aphrod.
1214 1987 1341 2025 Probl.
1356 2000 1395 2037 p.
1414 2001 1428 2025 1
1442 2000 1456 2024 1
1478 1987 1639 2025 Usener.
1655 2000 1662 2023 :

190 2056 209 2089 ὁ
230 2055 266 2090 δὲ
286 2057 421 2100 κυκεών,
443 2056 561 2102 ὥσπερ
582 2056 635 2090 καὶ
653 2055 876 2102 Ἡράκλειτός
903 2057 1023 2102 φησιν,
1044 2056 1102 2090 ἐὰν
1121 2055 1165 2101 μή
1190 2070 1241 2091 τις
1259 2055 1415 2101 ταράττῃ,
1438 2054 1662 2089 διίσταται-

189 2118 343 2169 Respic.
365 2119 559 2157 Lucianus
578 2119 657 2158 Vit.
688 2123 788 2157 auct.
820 2132 890 2166 14:
921 2122 1066 2167 ἔμπεδον
1094 2121 1201 2167 οὐδέν,
1231 2120 1324 2156 ἀλλά
1351 2135 1415 2157 κως
1443 2121 1490 2156 εἷς
1519 2124 1665 2155 κυκεῶνα

189 2187 298 2221 πάντα
318 2185 689 2223 συνειλέονται-ἲοΐῒ.
712 2185 957 2223 Philodemus
977 2203 1012 2223 π.
1035 2187 1213 2229 εὐσεβείας
1226 2184 1292 2228 vii,
1308 2198 1343 2234 p.
1360 2186 1407 2222 81
1429 2183 1632 2234 Gomperz.
1652 2198 1660 2221 t

189 2250 414 2298 παραπλήσια
442 2251 478 2285 δέ
507 2251 567 2286 κᾶν
594 2253 665 2287 τοῖς
691 2252 769 2298 περὶ
798 2250 939 2298 φύσεως
964 2252 1093 2299 γράφει
1115 2250 1211 2299 (scil.
1234 2249 1503 2299 Chrysippus),
1524 2249 1597 2295 μεθ’
1619 2251 1666 2285 ὧν

191 2315 340 2360 ε’ίπαμεν,
363 2317 417 2350 καὶ
444 2317 503 2350 τὸν
530 2316 756 2362 εΗρακλείτου
785 2321 981 2352 συνοικειῶν
1006 2321 1209 2357 <κυκεῶ>
1238 2314 1311 2367 [ita
1339 2315 1516 2352 lacunam
1536 2314 1665 2363 explet

191 2377 601 2433 Petersenus]—Conf.
618 2380 697 2418 *M.
712 2381 934 2418 Antoninus
947 2381 997 2419 iv.
1015 2381 1124 2433 27(v.
1138 2381 1255 2419 etiam
1268 2381 1319 2418 vi.
1334 2393 1380 2418 10
1391 2393 1401 2427 3
1423 2379 1474 2417 ix.
1485 2378 1569 2430 39):
1592 2383 1664 2425 ἤτοι

191 2449 319 2492 κόσμος
335 2446 588 2494 διατεταγμένος
607 2446 626 2492 ἢ
647 2449 779 2492 κυκεών,
798 2449 1104 2495 συμπεφορημένος
1117 2449 1178 2493 μὲν
1193 2448 1285 2482 ἀλλὰ
1304 2449 1440 2493 κόσμος.
1471 2445 1662 2493 Berua-ijs.

246 2522 396 2549 LXXXV.
438 2512 577 2550 Strabo
609 2511 686 2550 XVi.
721 2513 780 2559 26,
813 2526 849 2562 p.
886 2515 987 2561 784:
1027 2512 1088 2550 ’ίσα
1118 2514 1272 2560 κοπρίαις
1302 2512 1458 2560 ἡγοῦνται
1488 2513 1531 2546 τὰ
1563 2512 1664 2558 νεκρὰ

191 2578 344 2623 σώματα,
376 2578 525 2625 καθάπερ
552 2578 773 2625 “Ηράκλειτός
801 2581 903 2626 φησι·
947 2579 1073 2616 Νέκυες
1102 2580 1248 2626 κοπρίων
1276 2576 1662 2625 ἐκβλητότεροι-13111-

190 2641 346 2679 tarchus
366 2642 440 2690 Qu.
462 2643 611 2681 conViV.
635 2643 685 2681 iv.
708 2656 742 2690 4,
765 2657 801 2693 p.
825 2645 901 2693 669
919 2657 926 2681 ε
959 2645 1070 2681 νέκυες
1084 2646 1150 2693 γὰρ
1170 2643 1315 2692 κοπρίων
1334 2645 1572 2690 ἐκβλητότεροι
1591 2642 1665 2678 καθ’

190 2707 612 2754 Ἠράκλειτον-ΡΟῙΙΠΧ
642 2708 779 2747 Onom.
811 2723 846 2747 V.
874 2710 974 2758 163:
1015 2714 1081 2746 τῶν
1110 2711 1144 2746 ἐν
1171 2713 1243 2747 ταῖς
1271 2710 1418 2757 τριόδοις
1446 2709 1665 2754 καθαρμάτων

192 2772 449 2821 ἐκβλητότερος,
489 2775 637 2821 κοπρίων
674 2776 928 2823 ἐκβλητότερος,
969 2776 999 2811 εἷ
1043 2776 1095 2811 δεῖ
1131 2776 1201 2811 καθ’
1239 2775 1462 2822 (Ηράκλειτον
1497 2773 1665 2821 λέγειν-

194 2835 381 2886 Origenes
401 2851 431 2876 c.
454 2838 550 2876 Cels.
567 2852 603 2877 v.
625 2852 682 2887 14,
703 2853 739 2889 p.
759 2849 833 2889 247
850 2840 886 2891 <e
907 2839 1018 2879 Celso
1037 2854 1044 2878 :
1075 2840 1170 2878 conf.
1193 2853 1254 2887 24,
1273 2853 1311 2889 p.
1330 2837 1441 2890 253):
1473 2840 1525 2875 καὶ
1545 2840 1666 2885 ψυχῆς

239 2941 384 2965 LXXXIV.
409 2934 569 2966 κυκλεύων
584 2936 770 2967 Alexandri
788 2937 881 2968 codd.
931 2939 943 2974 ll
962 2936 1089 2968 ἵσταται
1106 2936 1293 2968 Alexandri
1309 2936 1401 2968 codd.
1451 2939 1461 2972 ΙΙ
1480 2934 1524 2973 μὴ
1540 2932 1668 2974 Primus

195 2985 405 3017 adiciendum
422 2997 491 3018 esse
507 2987 589 3018 vidit
606 2987 807 3030 Bernaysius
857 2993 868 3027 Η
890 2987 1073 3027 κινούμενος
1089 2989 1179 3030 vulg.

898 3052 971 3080 ΒΖ
