1893 3230
206 206 275 242 ·6Ο
782 207 994 236 APPENDIX
1015 220 1071 226 —-
1093 207 1122 234 1.

222 325 325 359 αὐτοῦ
353 324 405 359 καὶ
433 325 452 358 ὁ
479 323 651 368 Φαληρεὺς
680 321 868 367 Δημήτριος
895 321 930 356 ε“ν
957 323 998 365 τῇ
1027 320 1222 367 Σωκράτους
1250 319 1428 366 ἀπολογίᾳ.
1459 317 1618 353 πλεῖστοί
1644 316 1683 351 τέ

224 390 312 424 εἶσιν
331 388 408 423 ὅσοι
434 387 610 434 ἐξήγηνται
638 387 741 421 αὐτοῦ
768 388 807 420 τὸ
836 384 1051 432 σύγγραμμα·
1082 386 1134 420 καὶ
1161 385 1227 431 γὰρ
1255 382 1467 427 Ἀντισθένης
1495 382 1549 417 καὶ
1573 380 1681 428 Ἠρα-

225 451 357 497 κλείδης
379 454 397 487 ὁ
417 452 579 487 Ποντικὸς
597 450 768 494 Κλεάνθης
787 465 823 485 τε
845 446 880 502 [ὀ
901 445 1079 501 Ποντικὸς]
1100 450 1152 484 καὶ
1172 451 1320 495 Σφαῖρος
1340 451 1359 483 ὁ
1378 448 1531 488 στωικός,
1541 445 1627 492 πρὸς
1645 444 1684 480 δὲ

226 517 420 553 Παυσανίας
450 518 468 550 ὁ
497 515 630 560 κληθεὶς
647 515 940 562 Ἡρακλειτιστής,
971 514 1161 560 Νικομήδης
1187 529 1223 549 τε
1253 514 1305 548 καὶ
1335 511 1522 548 Διονύσιος·
1551 514 1619 546 τῶν
1647 509 1683 544 δὲ

188 601 206 632 5
225 585 461 629 γραμματικῶν
480 581 649 622 Διόδοτος,
671 579 708 616 ὃς
728 583 769 615 οῦ
794 581 883 626 φησι
912 581 989 626 περὶ
1017 579 1158 626 φύσεως
1185 576 1266 614 εἶναι
1294 579 1333 613 τὸ
1361 577 1566 624 σύγγραμμα
1593 575 1685 610 ἀλλὰ

225 648 303 694 περὶ
330 647 516 691 πολιτείας,
545 647 584 681 τὸ
613 646 648 680 δὲ
676 647 753 692 περὶ
782 645 922 691 φύσεως
951 646 985 679 ἐν
1012 645 1278 690 παραδείγματος
1307 642 1385 678 εἴδει
1418 641 1559 677 κεῖσθαι.
1594 639 1683 687 (16)

225 712 421 758 Ἱερώνυμος
439 711 477 746 δέ
496 714 585 756 φησι
604 711 657 745 καὶ
685 710 844 745 Σκυθῖνον
871 710 929 744 τὸν
957 712 1023 744 τῶν
1052 709 1182 753 ἷάμβων
1209 708 1347 752 ποιητὴν
1375 705 1600 748 ἐπιβαλέσθαι
1626 705 1686 739 τὸν

226 777 350 812 ἐκείνου
369 778 473 823 λόγον
493 777 548 811 διὰ
567 778 691 821 με’τρου
711 776 879 816 ἐκβαλεῖν.
909 776 1023 810 πολλά
1042 789 1078 808 τε
1099 775 1145 810 εἷς
1160 774 1260 808 αὑτὸν
1279 772 1512 820 ἐπιγράμματα
1531 770 1682 818 φέρεται,

225 841 309 888 ἀτὰρ
330 842 370 886 δὴ
389 842 442 876 καὶ
459 841 547 875 τόδε·

170 925 209 947 10
442 905 662 952 Ἡράκλειτος
683 905 759 951 ε’γὼ.
790 906 823 939 τί
841 903 874 948 μ’
895 904 960 938 ἅνω
982 903 1070 938 κάτω
1089 902 1197 936 ἕλκετ’
1217 902 1382 947 ι’ἷμουσοι;

546 971 610 1015 οὐχ
631 969 707 1014 ὑμῖν
725 969 875 1014 ε’πόνουν,
895 971 964 1004 τοῖς
985 967 1014 1002 δ’
1036 967 1086 1012 ἔμ’
1107 967 1348 1011 ἐπισταμένοις.

447 1033 493 1072 εἷς
512 1035 585 1079 ε’μοὶ
604 1035 777 1081 ἅνθρωπος
796 1033 1001 1079 τρισμύριοι,
1022 1035 1052 1067 οἱ
1073 1032 1101 1067 δ’
1122 1032 1297 1078 ἀνάριθμοι

555 1100 674 1136 οὐδείς.
704 1099 795 1134 ταῦτ’
816 1099 906 1134 αὐδῶ
926 1099 979 1134 καὶ
999 1099 1091 1144 παρὰ
1111 1099 1329 1144 Περσεφόνῃ.

230 1167 281 1202 καὶ
300 1166 388 1200 ιῖλλο
409 1165 551 1200 τοιόνδε·

172 1253 183 1275 1
192 1255 210 1286 5
444 1230 488 1275 μὴ
508 1229 612 1275 ταχὺς
629 1229 853 1275 Ἡρακλείτου
873 1228 922 1264 ἐπ’
945 1229 1104 1274 ὀμφαλὸν
1123 1227 1211 1262 εἴλεε
1231 1225 1357 1269 βίβλον

554 1294 755 1340 τούφεσίου·
785 1295 876 1337 μάλα
896 1307 947 1327 τοι
968 1292 1140 1333 δύσβατος
1159 1291 1349 1338 ἀτραπιτός.

445 1359 554 1405 ὀρφνὴ
576 1359 627 1393 καὶ
648 1360 769 1394 σκότος
788 1358 882 1392 ε’στὶν
900 1357 1103 1402 ἀλάμπετον·
1138 1356 1177 1401 ἣν
1196 1357 1234 1391 δέ
1252 1371 1291 1391 σε
1308 1355 1438 1401 μύστης

556 1423 731 1469 εἰσαγάγῃ,
753 1425 903 1468 φανεροῦ
923 1421 1126 1468 λαμπρότερ’
1149 1421 1271 1466 ἠελίου.

233 1491 320 1537 (17)
343 1491 507 1535 Γεγόνασι
528 1488 563 1522 δέ
582 1487 797 1534 Ἡράκλειτοι
817 1486 924 1521 πε’ντε”
955 1490 1086 1532 πρῶτος
1106 1487 1205 1522 αὐτὸς
1234 1485 1341 1522 οὗτος·
1373 1484 1526 1532 δεύτερος
1554 1485 1690 1530 ποιητὴς

174 1578 214 1600 20
231 1556 376 1601 λυρικός,
397 1553 437 1588 οὗ
457 1553 531 1588 ε’στι
558 1555 624 1587 τῶν
652 1552 779 1586 δώδεκα
809 1551 893 1586 θεῶν
921 1551 1096 1596 ε’γκὼμιον·
1125 1551 1237 1597 τρίτος
1265 1551 1416 1597 ε’λεγεὶας
1442 1550 1580 1595 ποιητὴς
1597 1549 1690 1585 Ἀλι-

232 1619 426 1668 καρνασεὺς,
448 1619 494 1655 εἷς
514 1618 551 1653 ὃν
572 1619 789 1664 Καλλίμαχος
809 1618 987 1661 πεποίηκεν
1005 1616 1120 1654 οὕτως·

448 1682 522 1720 εἶπέ
538 1699 599 1727 τις,
619 1683 830 1729 Ἡράκλειτε,
851 1683 927 1717 τεὸν
944 1685 1058 1728 μόρον,
1080 1683 1113 1719 ε“ς
1133 1682 1161 1716 δ’
1181 1683 1237 1726 ε’μὲ
1258 1682 1362 1728 δάκρυ

558 1751 690 1795 ἤγαγεν,
713 1747 881 1792 ε’μνὴσθην
900 1747 928 1782 δ’
949 1748 1093 1784 ὁσσάκις
1113 1747 1301 1793 ἀμφότεροι

450 1815 547 1858 ἥλιον
566 1813 601 1847 ε“ν
619 1813 730 1858 λε’σχῃ
751 1811 989 1856 κατεδύσαμεν.
1028 1812 1119 1846 ἀλλὰ
1140 1812 1186 1846 σὺ
1204 1812 1265 1856 μέν
1282 1826 1359 1855 που,

178 1903 216 1935 ²5
558 1876 636 1921 ξεῖν’
654 1877 911 1922 Ἀλικαρνασεῦ,
931 1877 1139 1923 τετράπαλαι
1159 1876 1292 1921 σποδιή.

451 1943 484 1976 αἶ
503 1941 539 1976 δὲ
559 1942 629 1976 τεαὶ
650 1943 795 1984 ζώουσιν
813 1941 959 1985 ἀηδόνες,
981 1938 1060 1985 ᾗσιν
1079 1943 1097 1975 ὁ
1117 1941 1250 1975 πάντων

558 2008 729 2052 ἁρπάκτης
747 2003 858 2049 Ἀΐδης
879 2006 938 2039 οὐκ
957 2006 1011 2040 ε’πὶ
1030 2007 1127 2051 χεῖρα
1146 2007 1258 2046 βαλεῖ.

235 2073 392 2118 τέταρτος
413 2072 570 2114 Λέσβιος,
593 2071 744 2117 ἱστορίαν
763 2071 945 2117 γεγραφὼς
966 2070 1203 2114 Μακεδονικήν·
1232 2070 1382 2114 πέμπτος
1411 2068 1692 2115 σπουδογέλοιος,

236 2136 302 2171 ἀπὸ
322 2135 519 2182 κιθαρῳδίας
537 2135 776 2179 μεταβεβηκὼς
795 2135 841 2170 εἷς
861 2134 937 2169 τόδε
956 2136 995 2169 τὸ
1016 2131 1113 2170 εἶδος.

285 2274 296 2295 1
317 2263 481 2304 σωκράτου
500 2264 526 2293 F
525 2274 551 2294 r.
598 2267 610 2299 ll
660 2272 677 2302 3
698 2261 729 2303 [ὁ
746 2261 917 2303 Ποντικὸς]
935 2273 998 2293 om.
1021 2264 1093 2295 cab.
1142 2269 1154 2299 Η
1202 2275 1221 2304 4
1238 2263 1423 2304 ἡρακλείδηι
1440 2263 1567 2305 κληθεὶς
1581 2264 1599 2295 ὁ
1615 2273 1695 2295 νικο-

237 2315 343 2356 μηδεῗι
359 2315 396 2346 Μ
446 2319 457 2351 ΙΙ
505 2314 524 2344 6
540 2313 636 2353 φῦσιν
652 2314 684 2344 N
702 2324 746 2344 m.
763 2324 810 2355 pr.
859 2318 871 2349 ΙΙ
921 2322 937 2353 7
955 2314 1105 2346 σκυτινὸν
1126 2315 1162 2346 Μ
1212 2319 1223 2351 ΙΙ
1271 2314 1480 2350 ἐπιβαλέσθαι
1503 2315 1578 2347 ΑΜ
1595 2314 1671 2347 Cob.
1688 2325 1694 2345 :

238 2365 468 2402 ἐπιβάλλεσθαι
487 2365 550 2396 LN
568 2365 624 2396 Pr.
640 2364 688 2396 St.
736 2369 748 2401 ΙΙ
797 2365 814 2395 8
833 2363 882 2395 διὰ
904 2364 1036 2407 μέτρου]
1062 2366 1098 2397 ἐκ
1121 2364 1288 2405 διαμέτρου
1304 2367 1332 2397 L
1380 2371 1393 2405 ΙΙ
1442 2365 1616 2402 ἑκβαλλεῖν
1632 2365 1695 2397 M:

239 2417 414 2453 ἐκβάλλειν
432 2417 505 2447 Cob.
537 2420 549 2453 ΙΙ
587 2425 624 2446 10
640 2415 672 2453 μ’
683 2415 746 2446 ἅνω
763 2415 954 2448 Meiuekius
972 2417 1046 2449 Cob.
1062 2428 1068 2447 :
1094 2428 1133 2455 με
1151 2415 1195 2447 ὧν
1211 2417 1321 2448 AMN
1338 2416 1406 2448 St.:
1431 2428 1470 2456 με
1485 2415 1588 2448 ffivL:
1609 2414 1698 2456 μ’ὦν

239 2469 296 2500 Fr.
329 2473 341 2506 ΙΙ
378 2477 411 2499 11
435 2469 460 2497 δ’
477 2466 524 2506 ἔμ’
545 2467 614 2498 va.
631 2478 637 2497 z
662 2466 695 2497 δέ
711 2465 744 2506 μ’
762 2467 850 2508 vulg.
883 2471 895 2504 ΙΙ
932 2476 970 2507 13
985 2468 1050 2498 ἀδῶ
1066 2469 1118 2499 Fr.
1154 2471 1166 2504 ΙΙ
1198 2467 1382 2508 Φερσεφόνῃ
1398 2467 1475 2500 Oob.
1508 2471 1521 2506 ΙΙ
1557 2476 1594 2509 15
1612 2466 1697 2498 εἴλεε

239 2521 278 2552 Μ
299 2520 372 2552 Cob.
387 2531 393 2551 ε
419 2519 501 2549 εἰλεε
519 2518 581 2550 AL
596 2517 644 2549 St.
661 2529 667 2548 :
693 2518 796 2557 εἱληες
818 2518 933 2557 (εἴλεες
948 2529 992 2549 m.
1008 2519 1085 2558 alt.)
1102 2519 1136 2549 N
1153 2530 1158 2549 :
1185 2518 1270 2549 εἴλεο
1287 2519 1343 2550 Fr.
1383 2522 1395 2556 ΙΙ
1438 2519 1477 2551 16
1494 2518 1553 2550 τοῦ
1568 2517 1699 2559 &patav

239 2571 303 2602 LN
321 2571 395 2609 1⁷12ss
415 2567 593 2608 ἀτραπητόε
610 2569 665 2600 Fr.
692 2572 704 2605 ΙΙ
733 2575 769 2607 17
786 2567 825 2607 ἠν
842 2569 897 2600 Fr.
928 2575 940 2607 11
973 2570 1010 2599 18
1027 2569 1231 2610 λαμπρότερα
1248 2569 1276 2600 L
1302 2573 1314 2607 ΙΙ
1344 2579 1383 2601 20
1398 2569 1649 2611 ὁλικαρνασσεὺε
1664 2570 1699 2602 Α

239 2622 287 2655 St.
315 2627 327 2661 ιι
357 2630 394 2652 22
412 2619 445 2651 δέ
459 2631 497 2658 με
510 2619 572 2650 AL
598 2624 611 2656 ιι
642 2627 681 2658 23
694 2617 864 2658 ἑμνηῖσθην
876 2619 924 2650 L:
951 2619 1103 2660 ἔμνίσθην
1115 2621 1154 2651 Μ
1169 2631 1176 2651 :
1199 2620 1339 2660 ἐμνήσθη
1352 2621 1407 2653 Fr.
1439 2625 1451 2658 ΙΙ
1488 2631 1527 2663 ²4
1538 2622 1620 2653 ῖλιον
1636 2621 1698 2654 Μ;

239 2672 350 2714 ἠέλιον
366 2675 419 2704 Fr,
465 2675 478 2708 11
524 2668 741 2708 κατεδυσαμεν
758 2670 833 2701 ΜΝ
849 2669 896 2703 St.
915 2671 1010 2703 Cob.:
1033 2671 1256 2711 κατελύσαμεν
1272 2672 1336 2704 AL
1351 2673 1409 2705 Fr.
1455 2676 1468 2710 ΙΙ
1519 2682 1557 2714 25
1573 2672 1701 2714 dump-

240 2724 339 2756 νασεῦ
353 2723 417 2755 LN
436 2722 527 2754 θοὰς
549 2721 763 2761 ἁλικαρνασοῦ
778 2722 852 2753 AM
871 2722 948 2754 Fra:
972 2722 1208 2763 ἁλικαρνασσεῦ
1229 2723 1277 2756 St.
1328 2729 1341 2763 11
1389 2723 1585 2765 τετράπαλαι
1603 2725 1637 2756 A
1651 2724 1700 2757 St.

243 2776 318 2809 Gob.
334 2787 340 2807 ε
364 2774 463 2816 τέτρα
477 2772 573 2804 πάλαι
590 2773 694 2805 LMN
710 2785 716 2804 :
741 2772 845 2814 τέφρα
860 2773 957 2806 πάλαι
974 2775 1031 2808 Fr.
1072 2780 1084 2813 H
1128 2777 1167 2808 26
1183 2776 1230 2818 at]
1247 2776 1285 2816 δὴ
1302 2777 1375 2809 AM
1418 2782 1431 2816 ΙΙ
1483 2784 1523 2818 27
1537 2775 1699 2818 ἀρπακτὴρ

241 2828 280 2859 Μ
298 2827 344 2860 St.
385 2832 398 2866 ΙΙ
449 2826 488 2857 28
504 2823 645 2864 ἱστορίαν
660 2834 723 2855 om.
740 2826 795 2855 Fr.
835 2829 847 2862 ss
889 2826 1136 2866 σπουδογέλοιος
1153 2828 1312 2860 Huebner
1327 2828 1403 2862 Gob.
1420 2840 1426 2860 :
1451 2827 1699 2869 σπονδογελοῖοι

241 2879 330 2922 vulg.
379 2883 392 2918 n
443 2887 482 2920 ²9
498 2876 570 2908 τόδε
586 2875 661 2907 add.
680 2876 750 2908 Cob.
767 2888 772 2907 :
798 2877 894 2909 τοῦτο
911 2878 1088 2920 Menagius
