1893 3230
226 236 274 270 32
708 239 990 268 ΗΡΑΚΛΕΙΤΟΥ
1020 238 1208 268 ΕΦΕΣΙΟΥ

813 374 816 376 ’
840 368 917 408 LX
924 368 1097 410 XVIII.

286 448 535 489 Plutarchus
562 448 728 489 Consol.
755 447 808 488 ad
832 448 971 502 Apoll.
1005 461 1070 499 10,
1093 463 1131 502 p.
1165 447 1270 489 106:
1303 449 1398 488 πότε
1422 449 1497 500 γὰρ
1526 448 1568 488 ἐν
1595 447 1686 498 ἡμῖν

232 516 361 559 αὐτοῖς
382 517 450 558 οὐκ
472 517 580 558 ἔστιν
603 518 623 557 ὁ
645 516 833 564 θάνατος;
868 517 929 558 καὶ
950 514 973 574 ᾗ
995 515 1405 570 φησινἩράκλειτος,
1419 516 1546 556 ταῦτ’
1565 515 1686 557 εἶναι

226 589 313 634 ζῶν
335 586 407 626 καὶ
436 585 677 636 τεθνηκός,
701 586 776 626 καὶ
801 585 849 625 τὸ
881 584 1145 638 ἐγρηγορὸς
1170 585 1242 626 καὶ
1270 584 1321 625 τὸ
1350 587 1589 634 καθεῦδον,
1612 584 1685 624 καὶ

229 652 335 694 νέον
369 653 443 694 καὶ
482 654 695 706 γηραιόν·
734 652 842 694 τάδε
888 655 973 706 γὰρ
1016 654 1352 704 μεταπεσόντα
1388 651 1541 693 ἐκεῖνά
1582 653 1685 693 ἐστι

226 722 421 763 κάκεῖνα
447 721 584 762 πάλιν
611 722 944 773 μεταπεσόντα
974 723 1134 761 ταῦτα.

225 881 375 920 correxi
402 882 526 920 locum
554 882 596 920 in
624 883 731 921 Diar.
761 882 897 920 Philol.
927 882 1087 921 Cantab.
1116 881 1166 919 iv.
1194 894 1230 931 p.
1254 894 1349 919 212:
1381 885 1555 919 extrema
1582 881 1686 931 apud

227 947 465 986 Clementem
490 947 734 998 paraphrasis
760 961 839 985 esse
858 947 1040 985 videntur
1060 959 1193 984 eorum
1213 959 1310 995 quae
1340 946 1568 984 Plutarchus
1591 960 1685 997 quo-

224 1025 298 1062 que
326 1016 414 1050 ante
444 1013 574 1050 oculos
602 1012 738 1050 habuit
748 1026 758 1060 3
797 1026 833 1050 v.
865 1012 910 1050 fr.
946 1008 1392 1064 LXXVIII]—Respic.
1424 1012 1512 1049 fort.
1543 1011 1686 1049 Sextus

223 1077 336 1127 Emp.
366 1077 450 1114 adv.
472 1077 593 1116 Math.
613 1077 678 1114 vii.
706 1090 780 1126 130
810 1075 930 1128 (unde
958 1090 1026 1115 sua
1054 1076 1184 1114 hausit
1211 1075 1442 1126 ApollonIus
1470 1077 1594 1126 Epist.
1620 1076 1685 1128 18)

224 1142 389 1180 —Confi
423 1142 566 1181 Seneca
593 1142 715 1192 Epist.
742 1153 811 1190 54:
852 1156 955 1193 rogo,
985 1155 1062 1179 non
1091 1141 1363 1179 stultissimum
1393 1141 1504 1186 dicas,
1538 1142 1571 1179 si
1600 1142 1685 1192 quis

225 1207 419 1245 existimet
452 1208 627 1246 lucernae
659 1207 768 1257 peius
801 1221 882 1245 esse
912 1221 998 1245 cum
1027 1207 1216 1245 exstincta
1245 1210 1301 1244 est
1330 1220 1444 1256 quam
1478 1209 1685 1257 antequam

225 1271 471 1309 accenditur?
500 1285 568 1309 nos
588 1286 738 1322 quoque
758 1274 796 1310 et
816 1272 1098 1322 exstinguimur
1118 1276 1155 1309 et
1175 1271 1424 1309 accendimur.

277 1347 453 1374 LXXVIII.
485 1337 749 1375 Heracliteum
781 1338 973 1388 quendam
1006 1337 1169 1375 colorem
1202 1337 1344 1374 habent
1373 1336 1488 1374 etIam
1517 1349 1560 1374 ea
1589 1350 1685 1386 quae

224 1405 440 1451 sequuntur
470 1416 530 1451 ap.
561 1402 666 1440 Plut.
698 1402 782 1440 l.l.:
829 1405 873 1441 ὡς
909 1405 974 1451 γὰρ
1009 1404 1044 1439 ἐκ
1081 1406 1140 1438 τοῦ
1178 1404 1281 1437 αὐτοῦ
1315 1404 1424 1447 πηλοῦ
1463 1402 1599 1438 δύναταί
1635 1418 1686 1439 τις

224 1470 383 1504 πλάττων
412 1470 478 1517 ζῷα
507 1472 659 1515 συγχεῖν,
682 1470 734 1503 καὶ
761 1470 863 1504 πάλιν
891 1469 1053 1504 πλάττειν
1082 1469 1134 1503 καὶ
1162 1470 1315 1515 συγχεῖν,
1340 1468 1393 1502 καὶ
1420 1471 1519 1502 τοῦτο
1545 1465 1580 1503 ἓν
1605 1467 1683 1515 παρ’

225 1530 262 1568 ἓν
280 1535 389 1567 ποιεῖν
413 1533 645 1569 ἀδιαλείπτως·
675 1533 762 1568 οὕτω
789 1535 841 1568 καὶ
860 1533 879 1578 ἡ
899 1533 1005 1580 φύσις
1026 1534 1061 1568 ἐκ
1079 1535 1138 1578 τῆς
1163 1533 1262 1577 αὐτῆς
1289 1531 1371 1577 ὕλης
1394 1532 1501 1568 πάλαι
1523 1533 1585 1577 μὲν
1609 1533 1687 1569 τοὺς

226 1600 412 1645 προγόνους
432 1598 522 1644 ἡμῶν
541 1599 694 1645 ἀνέσχεν,
717 1596 787 1634 εἶτα
808 1598 974 1646 συγχέασ’
997 1599 1117 1634 αὐτοὺς
1138 1594 1310 1649 [συνεχεῖς
1334 1599 1445 1634 αὐτοῖς
1465 1597 1566 1646 vulg.
1589 1610 1684 1634 corr.

226 1659 436 1715 Sauppius]
467 1663 623 1711 ἐγέννησε
652 1664 730 1700 τοὺς
757 1663 914 1711 πατέρας,
939 1661 1009 1698 εἶτα
1037 1663 1129 1709 ἡμᾶς,
1158 1660 1216 1698 εἶτ’
1237 1662 1364 1699 ἄλλους
1393 1662 1443 1698 ἐπ’
1464 1663 1583 1699 ἄλλοις
1610 1663 1688 1698 ἀνα-

226 1728 398 1773 κυκλήσει.
455 1730 508 1764 καὶ
545 1731 564 1763 ὁ
601 1731 659 1774 τῆς
695 1729 859 1776 γενέσεως
895 1730 1044 1775 ποταμὸς
1083 1728 1180 1765 οὗτος
1218 1729 1404 1774 ἐνδελεχῶς
1440 1728 1526 1775 ῥέων
1564 1731 1688 1764 οὔποτε

227 1794 399 1840 στήσεται,
435 1793 488 1831 καὶ
519 1796 622 1830 πάλιν
655 1795 692 1839 ἐξ
721 1796 866 1831 ἐναντίας
905 1795 993 1843 αὐτῷ
1025 1797 1043 1829 ὁ
1076 1796 1134 1839 τῆς
1166 1795 1300 1840 φθορᾶς
1338 1792 1403 1829 εἴτε
1434 1792 1583 1839 Ἀχέρων
1619 1791 1687 1828 εἴτε

227 1860 383 1896 Κωκυτὸς
407 1859 611 1905 καλούμενος
636 1861 701 1895 ὑπὸ
727 1864 793 1896 τῶν
817 1864 973 1905 ποιητῶν.
1030 1860 1048 1905 ἡ
1069 1862 1184 1906 πρώτη
1211 1858 1269 1894 οὖν
1295 1860 1382 1894 αἶτία
1403 1859 1421 1903 ἡ
1442 1859 1585 1903 δείξασα
1610 1858 1688 1903 ἡμῖν

225 1925 265 1959 τὸ
290 1927 350 1959 τοῦ
379 1924 476 1968 ἡλίου
504 1926 590 1971 φῶς,
610 1925 628 1969 ἡ
649 1925 731 1970 αὐτὴ
760 1926 813 1959 καὶ
840 1926 899 1960 τὸν
927 1927 1072 1972 ζοφερὸν
1099 1923 1182 1971 ᾅδην
1210 1925 1293 1971 ἅγει.
1352 1926 1405 1959 καὶ
1432 1923 1560 1969 μήποτε
1589 1923 1687 1958 τοῦδε

227 1990 323 2024 εἰκὼν
350 1986 371 2033 ᾗ
398 1991 416 2023 ὁ
444 1990 522 2036 περὶ
551 1990 634 2035 ἡμᾶς
661 1989 735 2036 ἀήρ,
765 1987 801 2025 ἓν
828 1989 905 2037 παρ’
935 1987 971 2025 ἓν
1000 1990 1122 2036 ἡμέραν
1152 1990 1204 2024 καὶ
1232 1988 1330 2024 νύκτα
1361 1992 1476 2031 ποιῶν,
1509 1989 1687 2035 ἐπαγωγὰς

229 2050 496 2105 [περιαγωγὰςῖῑ]
523 2056 605 2098 ζωῆς
632 2070 669 2089 τε
698 2056 750 2089 καὶ
779 2055 920 2090 θανάτου
950 2056 1002 2089 καὶ
1030 2054 1134 2090 ὕπνου
1163 2053 1216 2090 καὶ
1244 2051 1686 2101 ἐγρηγόρσεως-ΒΘΒΡῘΟ.

227 2117 456 2154 Plutarchus
489 2118 536 2154 de
569 2118 625 2154 EI
660 2120 718 2164 18,
748 2132 785 2168 p.
818 2131 891 2167 392
929 2117 1138 2169 (zEuseb.
1173 2118 1213 2156 P.
1235 2118 1277 2155 E.
1315 2118 1368 2154 xi.
1404 2131 1461 2164 11,
1494 2131 1530 2167 p.
1570 2115 1684 2168 528):

228 2184 320 2229 ἡμεῖς
341 2184 395 2219 ἕνα
413 2183 614 2230 φοβούμεθα
632 2185 773 2232 γελοίως
792 2185 933 2220 θάνατον
952 2186 1012 2230 ἤδη
1031 2185 1215 2221 τοσούτους
1234 2185 1428 2230 τεθνηκότες
1447 2184 1499 2219 καὶ
1526 2183 1686 2228 θνήσκον-

227 2264 293 2286 τες,
350 2250 389 2283 οὐ
417 2250 482 2296 γὰρ
510 2251 622 2295 μόνον,
653 2251 697 2286 ὡς
724 2249 943 2297 Ἡράκλειτος
971 2251 1048 2297 ἔφη,
1073 2251 1178 2297 πυρὸς
1208 2250 1345 2286 θάνατος
1373 2249 1445 2297 ἀέρι
1472 2249 1606 2296 γένεσις
1633 2249 1687 2284 καὶ

228 2314 300 2360 ἀέρι
324 2314 464 2350 θάνατος
493 2313 587 2349 ὕδατι
614 2315 757 2362 γένεσις,
779 2314 854 2350 ἀλλ’
875 2316 924 2350 ἔτι
953 2315 1172 2362 σαφέστερον
1197 2315 1247 2351 ἐπ’
1268 2316 1375 2350 αὐτῶν
1396 2315 1581 2361 <ἡμῶν>
1602 2312 1687 2351 ἰ’δοις

227 2379 278 2415 ἅν.
335 2379 512 2426 φθείρεται
539 2381 600 2425 μὲν
626 2380 779 2425 ἀκμάζων
806 2381 980 2427 γινομένου
1008 2381 1175 2427 γέροντος,
1206 2380 1337 2427 ἐφθάρη
1367 2380 1395 2414 δ’
1416 2382 1434 2414 ὁ
1460 2380 1532 2416 νέος
1555 2379 1602 2415 εἷς
1629 2379 1688 2414 τὸν

229 2444 425 2490 ἀκμάζοντα,
448 2446 500 2479 καὶ
527 2446 545 2478 ὁ
567 2447 645 2481 παῖς
673 2446 721 2482 εἷς
748 2447 806 2481 τὸν
834 2446 916 2490 νέον,
938 2446 985 2482 εἷς
1014 2446 1048 2480 δὲ
1077 2447 1136 2481 τὸν
1160 2446 1263 2481 παῖδα
1288 2446 1326 2480 τὸ
1351 2444 1475 2489 νήπιον·
1506 2446 1524 2479 ὁ
1544 2445 1580 2479 δὲ
1605 2444 1688 2490 χθὲς

230 2510 275 2545 εἷς
294 2511 352 2544 τὸν
373 2508 520 2556 σήμερον
542 2510 707 2555 τέθνηκεν,
729 2513 746 2545 ὁ
763 2510 798 2544 δέ
819 2509 968 2556 σήμερον
988 2510 1034 2546 εἷς
1052 2511 1111 2545 τὸν
1129 2512 1244 2556 αὔριον
1263 2507 1401 2559 (multa
1420 2508 1482 2545 hle
1501 2508 1618 2545 latere
1638 2520 1686 2545 ex

228 2572 449 2610 Heracliteo
470 2573 573 2610 fonte
592 2572 729 2610 hausta
749 2573 859 2610 docet
879 2573 1114 2622 Bernaysius
1134 2572 1187 2610 M.
1216 2573 1289 2610 Rh.
1310 2572 1375 2610 vii.
1400 2586 1436 2622 p.
1462 2585 1554 2610 100:
1585 2572 1684 2610 conf.

230 2637 436 2686 Scythinus
475 2637 516 2673 in
553 2637 728 2687 Append.
769 2642 899 2675 nostra
938 2637 1252 2689 clt.)—Clemcns
1293 2636 1405 2674 Alex.
1452 2637 1593 2674 Strom.
1632 2636 1683 2675 iv.

231 2714 292 2747 22,
313 2714 348 2750 p.
373 2703 448 2737 628
471 2700 535 2751 (ad
553 2702 599 2739 fr.
616 2702 806 2739 LXXVII
827 2700 1105 2753 ciffi—Sextus
1125 2701 1235 2751 Emp.
1252 2701 1385 2751 Pyrrh.
1407 2701 1495 2751 hyp.
1516 2701 1571 2739 111.
1591 2713 1684 2750 230:

228 2768 247 2800 ὁ
267 2766 302 2801 δὲ
321 2766 541 2812 Ἡράκλειτός
571 2769 679 2813 φησιν
705 2768 757 2803 ὅτι
783 2769 836 2803 καὶ
861 2769 900 2803 τὸ
927 2769 987 2812 ζῆν
1007 2768 1059 2802 καὶ
1079 2769 1117 2802 τὸ
1135 2767 1313 2802 ἀποθανεῖν
1331 2768 1384 2802 καὶ
1403 2768 1438 2802 ἐν
1456 2770 1503 2816 τῷ
1523 2769 1584 2812 ζῆν
1602 2767 1688 2813 ἡμᾶς

272 2903 423 2926 LXXVIII.
453 2895 552 2926 ταύτό
579 2895 608 2926 τ’
631 2895 676 2927 ἔνι
700 2897 809 2939 vulg.:
846 2896 944 2928 ταύτό
970 2898 1000 2927 τ’
1024 2896 1095 2929 ἐστὶ
1123 2897 1420 2930 Schleiermaeher:
1456 2897 1563 2941 ταύτῷ
1586 2896 1616 2928 τ’
1642 2896 1688 2930 ἔνι

230 2947 377 2988 Bernays
391 2958 397 2978 :
422 2945 519 2978 ταύτὸ
536 2946 575 2978 τὸ
591 2948 707 2980 Zeller.
