1893 3230
223 221 274 258 40
709 223 990 254 HPAKAEITOY
1021 224 1207 255 ΕΦΕΣῙΟΥ

923 372 997 413 CI.

224 451 376 516 Μόροι
403 450 492 515 γὰρ
516 451 690 515 μέζονες
712 451 892 515 μέζονας
915 454 1071 517 μοίρας
1096 450 1387 515 λαγχάνουσι.

911 567 1009 608 CII.

218 645 515 712 Ἀρηιφάτους
540 648 629 694 Θεοῖ
653 652 813 702 τιμῶσι
837 648 905 694 καὶ
931 647 1164 710 ἅνθρωποι.

892 762 1016 806 CIII.

212 839 384 907 ”Υβριν
408 844 495 906 χρὴ
518 844 734 901 σβεννύειν
757 846 932 898 μᾶλλον
956 843 980 898 ’ἦ
1006 847 1228 906 πυρκαϊήν.

901 965 1016 1006 CIV.

215 1044 505 1111 Ἀνθρώποισι
553 1047 750 1107 γίνεσθαι
792 1047 930 1092 ὁκόσα
980 1047 1155 1093 θέλουσι
1197 1047 1269 1092 οὐκ
1307 1045 1491 1101 ἄμεινον.
1543 1048 1691 1096 νοῦσος

224 1121 386 1182 ὑγίειαν
432 1122 609 1175 ἐποίησε
656 1120 729 1175 ἡδὺ
774 1121 841 1167 καῖ
896 1123 1082 1183 ἀγαθόν,
1130 1121 1256 1176 λιμὸς
1305 1122 1446 1186 κόρον,
1495 1120 1691 1176 κάματος

226 1195 479 1243 ἀνάπαυσιν.

282 1364 335 1390 CI.
366 1352 542 1390 Clemens
575 1352 686 1391 Alex.
721 1354 863 1392 Strom.
893 1353 943 1392 iv.
975 1364 1008 1402 7,
1038 1368 1075 1404 p.
1109 1357 1213 1403 586:
1247 1355 1369 1400 ταύτης
1396 1357 1455 1400 τῆς
1485 1355 1610 1391 ε’ννοίας
1641 1356 1694 1390 καὶ

228 1418 408 1465 Αἰσχύλος
437 1418 682 1464 ἐπιλαβόμενός
710 1422 811 1466 φησι’
841 1423 888 1468 τῷ
916 1424 1072 1456 πονοῦντι
1101 1421 1128 1456 δ’
1160 1422 1195 1456 ἐκ
1225 1421 1309 1456 θεῶν
1337 1421 1515 1467 ὀφείλεται
1543 1420 1694 1466 τέκνωμα

229 1486 290 1519 τοῦ
327 1486 432 1520 πόνου
469 1484 576 1519 κλέος.
620 1486 718 1530 μόροι
754 1486 820 1531 ’γὰρ
866 1485 1000 1530 μέζονες
1038 1487 1178 1530 μέζονας
1214 1487 1333 1532 μοίρας
1369 1486 1583 1533 λαγχάνουσι
1621 1485 1693 1520 καθ’

228 1547 768 1596 Ἠράκλειτον-Τ11εοι101·εωε
797 1548 959 1598 Therap.
986 1549 1064 1596 viii,
1095 1563 1131 1600 p.
1160 1559 1246 1598 117,
1270 1563 1318 1598 33
1352 1549 1417 1597 (ad
1440 1550 1486 1587 fr.
1514 1548 1593 1586 CH
1613 1547 1694 1599 cit.)

230 1613 396 1651 —Confi
418 1612 653 1662 Hippolytus
683 1613 764 1651 Res.
786 1613 888 1652 haer.
909 1628 943 1651 v.
970 1617 991 1652 8
1009 1627 1016 1652 :
1055 1619 1165 1662 τοῦτο,
1187 1615 1297 1662 φησίν
1320 1615 1414 1662 (scil.
1443 1614 1694 1662 Naassenus),

231 1680 326 1715 ἐστὶν
346 1678 363 1714 ὃ
384 1679 548 1726 λέγουσιν
567 1681 598 1714 οἶ
625 1681 912 1728 κατωργιασμένοι
941 1685 1007 1717 τῶν
1025 1681 1247 1717 Ἐλευσινίων
1275 1682 1317 1716 τὰ
1343 1680 1524 1727 μυστήρια·
1562 1681 1697 1726 θεμιτὸν

232 1744 271 1779 δέ
289 1745 365 1780 ε’στι
384 1745 425 1780 τὰ
444 1745 543 1791 μικρὰ
563 1746 789 1790 μεμυημένους
809 1745 902 1782 αὖθις
921 1749 962 1780 τὰ
980 1749 1111 1794 μεγάλα
1131 1747 1303 1792 μυεῖσθαι·
1334 1749 1432 1794 μόροι
1454 1747 1520 1793 γὰρ
1548 1746 1697 1791 μείζονες

231 1810 384 1855 μείζονας
403 1809 520 1856 μοίρας
539 1811 752 1857 λαγχάνουσι
774 1809 879 1861 (mox
898 1810 1041 1848 iterum
1060 1825 1067 1848 ζ
1098 1813 1129 1847 οἶ
1148 1813 1214 1859 γὰρ
1228 1812 1305 1848 τοὺς
1323 1812 1399 1857 ἐκεῖ,
1417 1811 1519 1858 φησί,
1534 1813 1696 1857 λαχόντες

233 1877 358 1921 μόρους
376 1875 527 1919 μείζονας
547 1876 667 1921 μοίρας
685 1875 949 1926 λαμβάνουσιν).

288 1950 359 1975 CH.
391 1938 567 1975 Clemens
596 1937 710 1976 Alex.
743 1939 881 1976 Strom.
912 1939 962 1977 iv.
985 1952 1019 1986 4,
1041 1953 1078 1989 p.
1101 1948 1203 1988 571:
1239 1941 1460 1987 Ἡράκλειτος
1487 1943 1548 1986 μέν
1575 1942 1694 1987 φησιν·

233 2005 461 2052 Ἀρηιφάτους
493 2005 563 2040 θεοὶ
593 2009 716 2050 τιμῶσι
750 2007 802 2041 καὶ
835 2006 1015 2053 ἅνθρωποι·
1059 2008 1112 2041 καὶ
1145 2008 1291 2042 Πλάτων
1323 2007 1358 2041 ἐν
1388 2009 1435 2055 τῷ
1466 2006 1606 2054 πέμπτῳ
1638 2007 1698 2050 τῆς

235 2070 407 2106 πολιτείας
442 2070 537 2116 (468
573 2068 622 2116 E)
658 2072 785 2117 γράφει
819 2070 1191 2108 κτὲ-Τὴεοάοΐεωε
1225 2070 1388 2120 Therap.
1422 2069 1502 2116 viii,
1536 2083 1573 2119 p.
1610 2078 1696 2117 117,

238 2146 311 2182 33:
342 2136 360 2169 ὁ
380 2134 419 2169 δέ
439 2149 480 2181 γε
499 2134 720 2181 “Ηράκλειτος
748 2137 800 2171 καὶ
828 2137 905 2173 τοὺς
933 2137 968 2171 ἐν
995 2138 1157 2181 πολέμοις
1185 2137 1417 2184 ἀναιρεθέντας
1444 2136 1556 2181 πᾶσης
1585 2135 1698 2179 ἀξίους

235 2200 470 2244 ὑπολαμβάνει
488 2201 595 2245 τιμῆς·
623 2199 852 2247 Ἀρηιφάτους
871 2203 949 2248 γάρ,
971 2200 1089 2248 φησίν,
1111 2204 1142 2237 οἶ
1161 2203 1231 2237 θεοὶ
1251 2205 1375 2247 τιμῶσι
1395 2202 1448 2237 καὶ
1467 2203 1499 2237 οἱ
1517 2201 1698 2248 ἅνθρωποι.

236 2266 290 2300 καὶ
320 2265 432 2300 πάλιν·
478 2266 584 2299 Μόνοι
615 2261 686 2316 [Sic
720 2264 815 2313 legib
843 2265 923 2315 ipse
956 2263 1236 2318 Theodore‘cus]
1273 2268 1338 2314 γὰρ
1371 2267 1519 2312 μείζονες
1549 2266 1699 2312 μείζονος

237 2330 357 2376 μοίρας
374 2330 609 2376 λαγχάνουσιν
629 2326 745 2378 (=fr.
768 2329 852 2380 CI).

294 2404 380 2430 CIII.
411 2393 602 2443 Diogenes
634 2394 757 2432 Laer‘t.
790 2395 845 2433 ix.
884 2408 928 2433 2:
971 2398 1073 2445 ἔλεγε
1107 2398 1142 2432 δέ
1173 2398 1238 2439 καί,
1267 2397 1390 2444 ’Ύβριν
1421 2396 1487 2443 χρὴ
1522 2395 1697 2439 σβεννύειν

237 2461 372 2503 μᾶλλον
391 2458 409 2504 ἢ
429 2460 602 2505 πυρκαῒήν,
624 2461 688 2506 καί,
709 2462 891 2507 Μάχεσθαι
910 2463 976 2508 χρὴ
996 2464 1055 2498 τὸν
1074 2463 1179 2507 δῆμον
1205 2463 1289 2509 ὑπὲρ
1309 2464 1368 2497 τοῦ
1388 2463 1489 2507 νόμου
1509 2461 1594 2498 ὅκως
1613 2461 1697 2507 ὑπὲρ

238 2524 369 2569 τείχεος
389 2521 503 2573 (=fr.
527 2521 586 2574 C).

292 2598 372 2624 CIV.
405 2587 591 2625 Stobaeus
612 2587 742 2626 Floril.
765 2589 817 2627 iii.
841 2592 902 2639 83,
927 2590 1115 2636 4—Oonf.
1149 2590 1324 2628 Clemens
1353 2588 1462 2627 Alex.
1493 2589 1635 2628 Strom.
1656 2589 1696 2627 ii.

240 2663 301 2696 21,
321 2663 357 2700 p.
382 2660 456 2699 497
475 2663 482 2688 :
513 2652 743 2700 Ἀναξαγόραν
770 2655 831 2700 μὲν
857 2656 922 2702 γὰρ
948 2657 1006 2691 τὸν
1027 2655 1251 2700 Κλαζομένιον
1269 2656 1329 2700 τὴν
1348 2655 1489 2701 θεωρίαν
1509 2657 1614 2703 φάναι
1636 2658 1697 2690 τοῦ

281 2790 324 2814 01.
350 2781 497 2824 μέζονας]
515 2782 656 2822 μείζονος
672 2783 868 2815 Theodoreti
885 2784 994 2821 codd.;
1019 2784 1077 2816 sed
1093 2796 1124 2816 v.
1141 2785 1239 2816 Plato
1256 2785 1296 2816 de
1314 2785 1414 2827 Legg.
1431 2785 1476 2818 xi.
1493 2795 1532 2827 92
1539 2795 1556 2826 3
1572 2785 1612 2817 B.

284 2842 357 2865 0111.
382 2834 551 2868 σβεννύναι
570 2835 619 2865 ed.
637 2835 770 2872 Cobet.;
795 2846 825 2866 v.
843 2836 997 2877 Append.
1014 2837 1043 2867 I.

284 2893 350 2915 CIV.
375 2884 545 2926 ἀνθρώποις
567 2897 599 2925 γ.
624 2886 651 2916 ὁ.
674 2885 822 2917 θέλουσιν
843 2887 934 2927 vulg.
960 2898 1041 2919 corr.
1068 2887 1231 2919 Mullach.
1274 2891 1286 2926 ll
1304 2887 1414 2929 ὑγείαν
1436 2888 1547 2929 vulg.:
1576 2886 1699 2928 ὑγιείην

241 2936 392 2968 Gaisford
405 2947 414 2976 3
437 2937 521 2969 conf.
538 2938 631 2969 Stein
646 2938 689 2969 ad
705 2938 830 2971 Herod.
847 2950 878 2980 p.
896 2939 931 2972 li.
981 2942 993 2977 ΙΙ
1012 2939 1161 2981 ἐποίησεν
1176 2940 1267 2982 vulg.
1283 2950 1366 2972 corr.
1385 2939 1549 2972 Mullach.
