<?xml version="1.0" encoding="UTF-8"?>
<!DOCTYPE html PUBLIC "-//W3C//DTD XHTML 1.0 Transitional//EN"
    "http://www.w3.org/TR/xhtml1/DTD/xhtml1-transitional.dtd">
<html xmlns="http://www.w3.org/1999/xhtml" xml:lang="en" lang="en">
 <head>
  <title>
</title>
<meta http-equiv="Content-Type" content="text/html;charset=utf-8" />
  <meta name='ocr-system' content='tesseract 3.04.00' />
  <meta name='ocr-capabilities' content='ocr_page ocr_carea ocr_par ocr_line ocrx_word'/>
</head>
<body>
  <div class='ocr_page' id='page_1' title='image "./reliquiaerecensu00herauoft_0074.png"; bbox 0 0 1893 3230; ppageno 0'>
   <div class='ocr_carea' id='block_1_1' title="bbox 225 159 1119 197">
    <p class='ocr_par' dir='ltr' id='par_1_1' title="bbox 225 159 1119 197">
     <span class='ocr_line' id='line_1_1' title="bbox 225 159 1119 197; baseline 0.002 -3"><span class='ocrx_word' id='word_1_1' title='bbox 225 159 276 195; x_wconf 91' lang='lat'>56</span> <span class='ocrx_word' id='word_1_2' title='bbox 780 166 993 196; x_wconf 71' lang='lat' dir='ltr'>APPENDIX</span> <span class='ocrx_word' id='word_1_3' title='bbox 1012 179 1069 186; x_wconf 93' lang='lat'><em>-</em></span> <span class='ocrx_word' id='word_1_4' title='bbox 1089 168 1119 197; x_wconf 94' lang='lat'>1.</span> 
     </span>
    </p>
   </div>
   <div class='ocr_carea' id='block_1_2' title="bbox 161 277 1680 2913">
    <p class='ocr_par' dir='ltr' id='par_1_2' title="bbox 161 277 1680 2913">
     <span class='ocr_line' id='line_1_2' title="bbox 222 277 1680 327; baseline 0.001 -12"><span class='ocrx_word' id='word_1_5' title='bbox 222 277 272 317; x_wconf 80' lang='grc' dir='ltr'>οἷς</span> <span class='ocrx_word' id='word_1_6' title='bbox 300 281 419 327; x_wconf 89' lang='grc' dir='ltr'>φησιν·</span> <span class='ocrx_word' id='word_1_7' title='bbox 451 278 573 327; x_wconf 81' lang='grc' dir='ltr'>Ἀξιον</span> <span class='ocrx_word' id='word_1_8' title='bbox 598 279 778 326; x_wconf 80' lang='grc' dir='ltr'>Ἐφεσίοις</span> <span class='ocrx_word' id='word_1_9' title='bbox 806 279 934 325; x_wconf 83' lang='grc' dir='ltr'>ἡβηδὸν</span> <span class='ocrx_word' id='word_1_10' title='bbox 961 280 1144 317; x_wconf 77' lang='grc' dir='ltr'>ἀποθανεῖν</span> <span class='ocrx_word' id='word_1_11' title='bbox 1170 282 1258 317; x_wconf 84' lang='grc' dir='ltr'>πᾶσι</span> <span class='ocrx_word' id='word_1_12' title='bbox 1281 282 1334 316; x_wconf 86' lang='grc' dir='ltr'>καὶ</span> <span class='ocrx_word' id='word_1_13' title='bbox 1361 283 1433 317; x_wconf 82' lang='grc' dir='ltr'>τοῖς</span> <span class='ocrx_word' id='word_1_14' title='bbox 1457 280 1597 326; x_wconf 82' lang='grc' dir='ltr'>ἀνήβοις</span> <span class='ocrx_word' id='word_1_15' title='bbox 1619 281 1680 327; x_wconf 82' lang='grc' dir='ltr'>τὴν</span> 
     </span>
     <span class='ocr_line' id='line_1_3' title="bbox 220 344 1677 393; baseline 0.001 -13"><span class='ocrx_word' id='word_1_16' title='bbox 220 348 322 381; x_wconf 91' lang='grc' dir='ltr'>πόλιν</span> <span class='ocrx_word' id='word_1_17' title='bbox 349 347 553 391; x_wconf 80' lang='grc' dir='ltr'>καταλιπεῖν,</span> <span class='ocrx_word' id='word_1_18' title='bbox 581 344 702 382; x_wconf 82' lang='grc' dir='ltr'>οἵτινες</span> <span class='ocrx_word' id='word_1_19' title='bbox 728 345 943 392; x_wconf 81' lang='grc' dir='ltr'>Ἑρμόδωρον</span> <span class='ocrx_word' id='word_1_20' title='bbox 971 347 1104 381; x_wconf 80' lang='grc' dir='ltr'>ἑωυτῶν</span> <span class='ocrx_word' id='word_1_21' title='bbox 1132 345 1290 391; x_wconf 82' lang='grc' dir='ltr'>ὀνήιστον</span> <span class='ocrx_word' id='word_1_22' title='bbox 1314 346 1482 392; x_wconf 70' lang='grc' dir='ltr'>ἐξέβαλον</span> <span class='ocrx_word' id='word_1_23' title='bbox 1508 346 1677 393; x_wconf 79' lang='grc' dir='ltr'>λέγοντες,</span> 
     </span>
     <span class='ocr_line' id='line_1_4' title="bbox 219 408 1677 456; baseline 0.002 -12"><span class='ocrx_word' id='word_1_24' title='bbox 219 409 354 454; x_wconf 80' lang='grc' dir='ltr'>Ἡμέων</span> <span class='ocrx_word' id='word_1_25' title='bbox 371 411 454 455; x_wconf 78' lang='grc' dir='ltr'>μηδὲ</span> <span class='ocrx_word' id='word_1_26' title='bbox 473 408 520 446; x_wconf 86' lang='grc' dir='ltr'>εἶς</span> <span class='ocrx_word' id='word_1_27' title='bbox 539 409 695 455; x_wconf 79' lang='grc' dir='ltr'>ὀνήιστος</span> <span class='ocrx_word' id='word_1_28' title='bbox 718 410 820 446; x_wconf 78' lang='grc' dir='ltr'>ἔστω·</span> <span class='ocrx_word' id='word_1_29' title='bbox 851 411 880 445; x_wconf 82' lang='grc' dir='ltr'>εἷ</span> <span class='ocrx_word' id='word_1_30' title='bbox 901 410 938 446; x_wconf 85' lang='grc' dir='ltr'>δέ</span> <span class='ocrx_word' id='word_1_31' title='bbox 961 425 1011 447; x_wconf 92' lang='grc' dir='ltr'>τις</span> <span class='ocrx_word' id='word_1_32' title='bbox 1035 413 1197 456; x_wconf 81' lang='grc' dir='ltr'>τοιοῦτος,</span> <span class='ocrx_word' id='word_1_33' title='bbox 1218 411 1308 456; x_wconf 81' lang='grc' dir='ltr'>ι’ίλλῃ</span> <span class='ocrx_word' id='word_1_34' title='bbox 1327 426 1363 446; x_wconf 94' lang='grc' dir='ltr'>τε</span> <span class='ocrx_word' id='word_1_35' title='bbox 1389 412 1442 446; x_wconf 79' lang='grc' dir='ltr'>καὶ</span> <span class='ocrx_word' id='word_1_36' title='bbox 1460 410 1531 456; x_wconf 88' lang='grc' dir='ltr'>μετ’</span> <span class='ocrx_word' id='word_1_37' title='bbox 1551 412 1677 448; x_wconf 80' lang='grc' dir='ltr'>ἄλλων.</span> 
     </span>
     <span class='ocr_line' id='line_1_5' title="bbox 221 475 1679 523; baseline 0.001 -14"><span class='ocrx_word' id='word_1_38' title='bbox 221 475 416 520; x_wconf 78' lang='grc' dir='ltr'>ἀξιούμενος</span> <span class='ocrx_word' id='word_1_39' title='bbox 434 475 470 510; x_wconf 79' lang='grc' dir='ltr'>δὲ</span> <span class='ocrx_word' id='word_1_40' title='bbox 490 476 543 510; x_wconf 77' lang='grc' dir='ltr'>καὶ</span> <span class='ocrx_word' id='word_1_41' title='bbox 566 477 686 521; x_wconf 87' lang='grc' dir='ltr'>νόμους</span> <span class='ocrx_word' id='word_1_42' title='bbox 705 475 810 511; x_wconf 92' lang='grc' dir='ltr'>θεῖναι</span> <span class='ocrx_word' id='word_1_43' title='bbox 828 477 913 522; x_wconf 89' lang='grc' dir='ltr'>πρὸς</span> <span class='ocrx_word' id='word_1_44' title='bbox 938 477 1047 511; x_wconf 78' lang='grc' dir='ltr'>αὐτῶν</span> <span class='ocrx_word' id='word_1_45' title='bbox 1068 477 1219 523; x_wconf 79' lang='grc' dir='ltr'>ὑπερεῖδε</span> <span class='ocrx_word' id='word_1_46' title='bbox 1238 477 1292 512; x_wconf 83' lang='grc' dir='ltr'>διὰ</span> <span class='ocrx_word' id='word_1_47' title='bbox 1317 478 1356 512; x_wconf 87' lang='grc' dir='ltr'>τὸ</span> <span class='ocrx_word' id='word_1_48' title='bbox 1376 477 1437 522; x_wconf 81' lang='grc' dir='ltr'>ἤδη</span> <span class='ocrx_word' id='word_1_49' title='bbox 1456 475 1679 523; x_wconf 82' lang='grc' dir='ltr'>κεκρατῆσθαι</span> 
     </span>
     <span class='ocr_line' id='line_1_6' title="bbox 184 537 1677 590; baseline 0 -16"><span class='ocrx_word' id='word_1_50' title='bbox 184 547 203 580; x_wconf 85' lang='grc'>5</span> <span class='ocrx_word' id='word_1_51' title='bbox 221 541 262 582; x_wconf 81' lang='grc' dir='ltr'>τῇ</span> <span class='ocrx_word' id='word_1_52' title='bbox 276 542 406 586; x_wconf 82' lang='grc' dir='ltr'>πονηρᾷ</span> <span class='ocrx_word' id='word_1_53' title='bbox 424 540 579 586; x_wconf 77' lang='grc' dir='ltr'>πολιτείᾳ</span> <span class='ocrx_word' id='word_1_54' title='bbox 604 540 664 585; x_wconf 91' lang='grc' dir='ltr'>τὴν</span> <span class='ocrx_word' id='word_1_55' title='bbox 687 542 797 576; x_wconf 89' lang='grc' dir='ltr'>πόλιν.</span> <span class='ocrx_word' id='word_1_56' title='bbox 856 537 916 590; x_wconf 84' lang='grc'>(3)</span> <span class='ocrx_word' id='word_1_57' title='bbox 935 540 1158 587; x_wconf 79' lang='grc' dir='ltr'>ἀναχωρήσας</span> <span class='ocrx_word' id='word_1_58' title='bbox 1183 541 1218 576; x_wconf 78' lang='grc' dir='ltr'>δὲ</span> <span class='ocrx_word' id='word_1_59' title='bbox 1245 542 1292 578; x_wconf 82' lang='grc' dir='ltr'>εἷς</span> <span class='ocrx_word' id='word_1_60' title='bbox 1316 542 1355 576; x_wconf 86' lang='grc' dir='ltr'>τὸ</span> <span class='ocrx_word' id='word_1_61' title='bbox 1374 542 1463 588; x_wconf 78' lang='grc' dir='ltr'>ἱερὸν</span> <span class='ocrx_word' id='word_1_62' title='bbox 1484 542 1544 586; x_wconf 84' lang='grc' dir='ltr'>τῆς</span> <span class='ocrx_word' id='word_1_63' title='bbox 1559 539 1677 587; x_wconf 78' lang='grc' dir='ltr'>Ἀρτέ-</span> 
     </span>
     <span class='ocr_line' id='line_1_7' title="bbox 219 603 1678 652; baseline 0.001 -14"><span class='ocrx_word' id='word_1_64' title='bbox 219 605 316 647; x_wconf 88' lang='grc' dir='ltr'>μιδος</span> <span class='ocrx_word' id='word_1_65' title='bbox 343 604 427 648; x_wconf 80' lang='grc' dir='ltr'>μετὰ</span> <span class='ocrx_word' id='word_1_66' title='bbox 454 607 521 640; x_wconf 84' lang='grc' dir='ltr'>τῶν</span> <span class='ocrx_word' id='word_1_67' title='bbox 542 605 670 640; x_wconf 79' lang='grc' dir='ltr'>παίδων</span> <span class='ocrx_word' id='word_1_68' title='bbox 696 603 933 652; x_wconf 78' lang='grc' dir='ltr'>ἠστραγάλιζε·</span> <span class='ocrx_word' id='word_1_69' title='bbox 972 606 1204 652; x_wconf 83' lang='grc' dir='ltr'>περιστάντων</span> <span class='ocrx_word' id='word_1_70' title='bbox 1232 605 1260 640; x_wconf 76' lang='grc' dir='ltr'>δ’</span> <span class='ocrx_word' id='word_1_71' title='bbox 1280 606 1381 641; x_wconf 81' lang='grc' dir='ltr'>αὐτὸν</span> <span class='ocrx_word' id='word_1_72' title='bbox 1408 609 1475 641; x_wconf 81' lang='grc' dir='ltr'>τῶν</span> <span class='ocrx_word' id='word_1_73' title='bbox 1490 604 1678 652; x_wconf 78' lang='grc' dir='ltr'>Ἐφεσίων,</span> 
     </span>
     <span class='ocr_line' id='line_1_8' title="bbox 220 667 1680 715; baseline 0.002 -13"><span class='ocrx_word' id='word_1_74' title='bbox 220 668 271 712; x_wconf 88' lang='grc' dir='ltr'>Τί,</span> <span class='ocrx_word' id='word_1_75' title='bbox 301 667 327 702; x_wconf 79' lang='grc' dir='ltr'><em>ὦ</em></span> <span class='ocrx_word' id='word_1_76' title='bbox 354 669 517 713; x_wconf 85' lang='grc' dir='ltr'>κάκιστοι,</span> <span class='ocrx_word' id='word_1_77' title='bbox 544 669 747 714; x_wconf 77' lang='grc' dir='ltr'>θαυμάζετε;</span> <span class='ocrx_word' id='word_1_78' title='bbox 783 670 863 715; x_wconf 67' lang='grc' dir='ltr'>ἔφη·</span> <span class='ocrx_word' id='word_1_79' title='bbox 893 669 912 714; x_wconf 84' lang='grc' dir='ltr'>ἦ</span> <span class='ocrx_word' id='word_1_80' title='bbox 941 671 980 704; x_wconf 79' lang='grc' dir='ltr'>οὗ</span> <span class='ocrx_word' id='word_1_81' title='bbox 1007 672 1160 715; x_wconf 86' lang='grc' dir='ltr'>κρεῖττον</span> <span class='ocrx_word' id='word_1_82' title='bbox 1187 673 1286 705; x_wconf 82' lang='grc' dir='ltr'>τοῦτο</span> <span class='ocrx_word' id='word_1_83' title='bbox 1312 672 1421 706; x_wconf 84' lang='grc' dir='ltr'>ποιεῖν</span> <span class='ocrx_word' id='word_1_84' title='bbox 1447 669 1467 715; x_wconf 84' lang='grc' dir='ltr'>ἦ</span> <span class='ocrx_word' id='word_1_85' title='bbox 1495 669 1568 715; x_wconf 84' lang='grc' dir='ltr'>μεθ’</span> <span class='ocrx_word' id='word_1_86' title='bbox 1587 670 1680 714; x_wconf 77' lang='grc' dir='ltr'>ὑμῶν</span> 
     </span>
     <span class='ocr_line' id='line_1_9' title="bbox 219 733 1678 783; baseline 0.001 -15"><span class='ocrx_word' id='word_1_87' title='bbox 219 733 459 769; x_wconf 77' lang='grc' dir='ltr'>πολιτεύεσθαι</span> <span class='ocrx_word' id='word_1_88' title='bbox 472 746 482 780; x_wconf 82' lang='grc'><strong>;</strong></span> <span class='ocrx_word' id='word_1_89' title='bbox 512 736 565 770; x_wconf 79' lang='grc' dir='ltr'>καὶ</span> <span class='ocrx_word' id='word_1_90' title='bbox 584 737 683 772; x_wconf 88' lang='grc' dir='ltr'>τελος</span> <span class='ocrx_word' id='word_1_91' title='bbox 701 736 991 782; x_wconf 76' lang='grc' dir='ltr'>μισανθρωπήσας</span> <span class='ocrx_word' id='word_1_92' title='bbox 1009 737 1061 770; x_wconf 81' lang='grc' dir='ltr'>καὶ</span> <span class='ocrx_word' id='word_1_93' title='bbox 1077 735 1267 781; x_wconf 74' lang='grc' dir='ltr'>ἐκπατήσας</span> <span class='ocrx_word' id='word_1_94' title='bbox 1286 737 1322 771; x_wconf 78' lang='grc' dir='ltr'>ε“ν</span> <span class='ocrx_word' id='word_1_95' title='bbox 1339 738 1409 772; x_wconf 84' lang='grc' dir='ltr'>τοῖς</span> <span class='ocrx_word' id='word_1_96' title='bbox 1429 736 1526 783; x_wconf 81' lang='grc' dir='ltr'>ὄρεσι</span> <span class='ocrx_word' id='word_1_97' title='bbox 1541 736 1678 781; x_wconf 77' lang='grc' dir='ltr'>διῃτᾶτο</span> 
     </span>
     <span class='ocr_line' id='line_1_10' title="bbox 219 797 1680 847; baseline 0.001 -14"><span class='ocrx_word' id='word_1_98' title='bbox 219 797 306 834; x_wconf 88' lang='grc' dir='ltr'>πόας</span> <span class='ocrx_word' id='word_1_99' title='bbox 325 797 520 843; x_wconf 71' lang='grc' dir='ltr'>σιτούμενος</span> <span class='ocrx_word' id='word_1_100' title='bbox 539 800 591 834; x_wconf 73' lang='grc' dir='ltr'>καὶ</span> <span class='ocrx_word' id='word_1_101' title='bbox 610 801 767 841; x_wconf 82' lang='grc' dir='ltr'>βοτάνας.</span> <span class='ocrx_word' id='word_1_102' title='bbox 798 801 850 834; x_wconf 77' lang='grc' dir='ltr'>καὶ</span> <span class='ocrx_word' id='word_1_103' title='bbox 868 799 980 845; x_wconf 81' lang='grc' dir='ltr'>μέντοι</span> <span class='ocrx_word' id='word_1_104' title='bbox 1001 801 1053 834; x_wconf 81' lang='grc' dir='ltr'>καὶ</span> <span class='ocrx_word' id='word_1_105' title='bbox 1073 801 1126 834; x_wconf 86' lang='grc' dir='ltr'>διὰ</span> <span class='ocrx_word' id='word_1_106' title='bbox 1145 803 1244 835; x_wconf 80' lang='grc' dir='ltr'>τοῦτο</span> <span class='ocrx_word' id='word_1_107' title='bbox 1262 801 1478 847; x_wconf 79' lang='grc' dir='ltr'>περιτραπεὶς</span> <span class='ocrx_word' id='word_1_108' title='bbox 1495 800 1543 837; x_wconf 79' lang='grc' dir='ltr'>εἷς</span> <span class='ocrx_word' id='word_1_109' title='bbox 1561 798 1680 846; x_wconf 75' lang='grc' dir='ltr'>ὕδερον</span> 
     </span>
     <span class='ocr_line' id='line_1_11' title="bbox 163 863 1680 911; baseline 0.003 -16"><span class='ocrx_word' id='word_1_110' title='bbox 163 872 203 895; x_wconf 89' lang='lat'>10</span> <span class='ocrx_word' id='word_1_111' title='bbox 221 863 386 908; x_wconf 80' lang='grc' dir='ltr'>κατῆλθεν</span> <span class='ocrx_word' id='word_1_112' title='bbox 411 863 457 899; x_wconf 82' lang='grc' dir='ltr'>εἷς</span> <span class='ocrx_word' id='word_1_113' title='bbox 481 864 569 898; x_wconf 78' lang='grc' dir='ltr'>ἅστυ</span> <span class='ocrx_word' id='word_1_114' title='bbox 594 865 646 898; x_wconf 81' lang='grc' dir='ltr'>καὶ</span> <span class='ocrx_word' id='word_1_115' title='bbox 674 867 742 898; x_wconf 89' lang='grc' dir='ltr'>τῶν</span> <span class='ocrx_word' id='word_1_116' title='bbox 762 865 884 910; x_wconf 88' lang='grc' dir='ltr'>ιάτρῶν</span> <span class='ocrx_word' id='word_1_117' title='bbox 910 864 1161 911; x_wconf 84' lang='grc' dir='ltr'>αἶνιγματώδως</span> <span class='ocrx_word' id='word_1_118' title='bbox 1187 865 1389 900; x_wconf 76' lang='grc' dir='ltr'>ἐπυνθάνετο</span> <span class='ocrx_word' id='word_1_119' title='bbox 1411 865 1441 900; x_wconf 76' lang='grc' dir='ltr'>εἰ</span> <span class='ocrx_word' id='word_1_120' title='bbox 1468 863 1622 900; x_wconf 78' lang='grc' dir='ltr'>δύναιντο</span> <span class='ocrx_word' id='word_1_121' title='bbox 1640 863 1680 909; x_wconf 77' lang='grc' dir='ltr'>ἐξ</span> 
     </span>
     <span class='ocr_line' id='line_1_12' title="bbox 220 927 1679 974; baseline 0.001 -12"><span class='ocrx_word' id='word_1_122' title='bbox 220 927 408 974; x_wconf 74' lang='grc' dir='ltr'>ἐπομβρίας</span> <span class='ocrx_word' id='word_1_123' title='bbox 436 928 567 974; x_wconf 77' lang='grc' dir='ltr'>αὐχμὸν</span> <span class='ocrx_word' id='word_1_124' title='bbox 585 930 737 973; x_wconf 82' lang='grc' dir='ltr'>ποιῆσαι·</span> <span class='ocrx_word' id='word_1_125' title='bbox 774 932 841 963; x_wconf 80' lang='grc' dir='ltr'>τῶν</span> <span class='ocrx_word' id='word_1_126' title='bbox 860 928 895 963; x_wconf 81' lang='grc' dir='ltr'>δέ</span> <span class='ocrx_word' id='word_1_127' title='bbox 917 929 962 974; x_wconf 82' lang='grc' dir='ltr'>μὴ</span> <span class='ocrx_word' id='word_1_128' title='bbox 982 929 1161 973; x_wconf 78' lang='grc' dir='ltr'>συνέντων,</span> <span class='ocrx_word' id='word_1_129' title='bbox 1179 930 1280 964; x_wconf 79' lang='grc' dir='ltr'>αὑτὸν</span> <span class='ocrx_word' id='word_1_130' title='bbox 1298 929 1344 966; x_wconf 78' lang='grc' dir='ltr'>εἷς</span> <span class='ocrx_word' id='word_1_131' title='bbox 1366 928 1561 971; x_wconf 81' lang='grc' dir='ltr'>βοῦστασιν</span> <span class='ocrx_word' id='word_1_132' title='bbox 1579 943 1679 964; x_wconf 86' lang='grc' dir='ltr'>κατο-</span> 
     </span>
     <span class='ocr_line' id='line_1_13' title="bbox 218 991 1679 1038; baseline 0.001 -12"><span class='ocrx_word' id='word_1_133' title='bbox 218 991 323 1037; x_wconf 77' lang='grc' dir='ltr'>ρύξας</span> <span class='ocrx_word' id='word_1_134' title='bbox 350 995 389 1037; x_wconf 81' lang='grc' dir='ltr'>τῇ</span> <span class='ocrx_word' id='word_1_135' title='bbox 411 996 478 1026; x_wconf 85' lang='grc' dir='ltr'>τῶν</span> <span class='ocrx_word' id='word_1_136' title='bbox 495 994 646 1034; x_wconf 87' lang='grc' dir='ltr'>βολίτων</span> <span class='ocrx_word' id='word_1_137' title='bbox 664 993 748 1038; x_wconf 69' lang='grc' dir='ltr'>ἀλέᾳ</span> <span class='ocrx_word' id='word_1_138' title='bbox 775 994 922 1037; x_wconf 76' lang='grc' dir='ltr'>ἤλπισεν</span> <span class='ocrx_word' id='word_1_139' title='bbox 940 991 1266 1038; x_wconf 73' lang='grc' dir='ltr'>ἐξατμισθήσεσθαι·</span> <span class='ocrx_word' id='word_1_140' title='bbox 1301 994 1397 1028; x_wconf 70' lang='grc' dir='ltr'>οὐδὲν</span> <span class='ocrx_word' id='word_1_141' title='bbox 1424 992 1453 1028; x_wconf 74' lang='grc' dir='ltr'>δ’</span> <span class='ocrx_word' id='word_1_142' title='bbox 1471 991 1582 1028; x_wconf 76' lang='grc' dir='ltr'>ἀνύων</span> <span class='ocrx_word' id='word_1_143' title='bbox 1608 992 1679 1028; x_wconf 71' lang='grc' dir='ltr'>οὐδ’</span> 
     </span>
     <span class='ocr_line' id='line_1_14' title="bbox 219 1055 1679 1107; baseline 0.002 -17"><span class='ocrx_word' id='word_1_144' title='bbox 219 1055 326 1093; x_wconf 76' lang='grc' dir='ltr'>οὕτως</span> <span class='ocrx_word' id='word_1_145' title='bbox 355 1057 511 1092; x_wconf 74' lang='grc' dir='ltr'>ἐτελεύτα</span> <span class='ocrx_word' id='word_1_146' title='bbox 536 1059 633 1100; x_wconf 78' lang='grc' dir='ltr'>βιοὺς</span> <span class='ocrx_word' id='word_1_147' title='bbox 661 1059 717 1103; x_wconf 89' lang='grc' dir='ltr'>ε’τη</span> <span class='ocrx_word' id='word_1_148' title='bbox 746 1058 914 1102; x_wconf 75' lang='grc' dir='ltr'>ἐξήκοντα.</span> <span class='ocrx_word' id='word_1_149' title='bbox 971 1055 1031 1107; x_wconf 80' lang='lat'>(4)</span> <span class='ocrx_word' id='word_1_150' title='bbox 1054 1059 1107 1093; x_wconf 80' lang='grc' dir='ltr'>καὶ</span> <span class='ocrx_word' id='word_1_151' title='bbox 1134 1060 1230 1093; x_wconf 75' lang='grc' dir='ltr'>ἔστιν</span> <span class='ocrx_word' id='word_1_152' title='bbox 1249 1059 1296 1095; x_wconf 81' lang='grc' dir='ltr'>εἷς</span> <span class='ocrx_word' id='word_1_153' title='bbox 1324 1059 1427 1094; x_wconf 78' lang='grc' dir='ltr'>αὐτὸν</span> <span class='ocrx_word' id='word_1_154' title='bbox 1455 1058 1547 1104; x_wconf 84' lang='grc' dir='ltr'>ήμῶν</span> <span class='ocrx_word' id='word_1_155' title='bbox 1573 1056 1679 1094; x_wconf 80' lang='grc' dir='ltr'>οὕτως</span> 
     </span>
     <span class='ocr_line' id='line_1_15' title="bbox 217 1121 308 1168; baseline 0 -13"><span class='ocrx_word' id='word_1_156' title='bbox 217 1121 237 1155; x_wconf 78' lang='grc' dir='ltr'><strong><em>ἕ</em></strong></span> <span class='ocrx_word' id='word_1_157' title='bbox 236 1132 308 1168; x_wconf 87' lang='grc' dir='ltr'>χον·</span> 
     </span>
     <span class='ocr_line' id='line_1_16' title="bbox 162 1186 1377 1235; baseline 0.002 -16"><span class='ocrx_word' id='word_1_158' title='bbox 162 1196 201 1229; x_wconf 85' lang='lat'>15</span> <span class='ocrx_word' id='word_1_159' title='bbox 436 1189 604 1224; x_wconf 79' lang='grc' dir='ltr'>πολλάκις</span> <span class='ocrx_word' id='word_1_160' title='bbox 622 1187 845 1235; x_wconf 80' lang='grc' dir='ltr'>Ἠράκλειτον</span> <span class='ocrx_word' id='word_1_161' title='bbox 864 1186 1047 1232; x_wconf 78' lang='grc' dir='ltr'>ε’θαῦμασα,</span> <span class='ocrx_word' id='word_1_162' title='bbox 1068 1191 1139 1224; x_wconf 81' lang='grc' dir='ltr'>πῶς</span> <span class='ocrx_word' id='word_1_163' title='bbox 1158 1202 1239 1223; x_wconf 74' lang='grc' dir='ltr'>ποτε</span> <span class='ocrx_word' id='word_1_164' title='bbox 1260 1190 1298 1223; x_wconf 90' lang='grc' dir='ltr'>τὸ</span> <span class='ocrx_word' id='word_1_165' title='bbox 1319 1189 1377 1232; x_wconf 73' lang='grc' dir='ltr'>ζῆν</span> 
     </span>
     <span class='ocr_line' id='line_1_17' title="bbox 547 1250 1245 1298; baseline 0 -11"><span class='ocrx_word' id='word_1_166' title='bbox 547 1253 609 1288; x_wconf 77' lang='grc' dir='ltr'>ὦδε</span> <span class='ocrx_word' id='word_1_167' title='bbox 631 1253 832 1298; x_wconf 79' lang='grc' dir='ltr'>διαντλήσας</span> <span class='ocrx_word' id='word_1_168' title='bbox 852 1251 1022 1298; x_wconf 81' lang='grc' dir='ltr'>δύσμορος</span> <span class='ocrx_word' id='word_1_169' title='bbox 1042 1250 1099 1288; x_wconf 74' lang='grc' dir='ltr'>εἶτ’</span> <span class='ocrx_word' id='word_1_170' title='bbox 1120 1253 1245 1289; x_wconf 75' lang='grc' dir='ltr'>ἔθανεν.</span> 
     </span>
     <span class='ocr_line' id='line_1_18' title="bbox 437 1317 1322 1364; baseline 0.002 -12"><span class='ocrx_word' id='word_1_171' title='bbox 437 1321 535 1362; x_wconf 83' lang='grc' dir='ltr'>σῶμα</span> <span class='ocrx_word' id='word_1_172' title='bbox 553 1319 618 1364; x_wconf 82' lang='grc' dir='ltr'>γὰρ</span> <span class='ocrx_word' id='word_1_173' title='bbox 638 1317 837 1364; x_wconf 75' lang='grc' dir='ltr'>ἀρδεύσασα</span> <span class='ocrx_word' id='word_1_174' title='bbox 856 1318 936 1362; x_wconf 82' lang='grc' dir='ltr'>κακὴ</span> <span class='ocrx_word' id='word_1_175' title='bbox 957 1319 1058 1354; x_wconf 87' lang='grc' dir='ltr'>νόσος</span> <span class='ocrx_word' id='word_1_176' title='bbox 1078 1317 1171 1353; x_wconf 81' lang='grc' dir='ltr'>ὖδατι</span> <span class='ocrx_word' id='word_1_177' title='bbox 1190 1318 1322 1364; x_wconf 78' lang='grc' dir='ltr'>φέγγος</span> 
     </span>
     <span class='ocr_line' id='line_1_19' title="bbox 544 1380 1342 1428; baseline 0.001 -12"><span class='ocrx_word' id='word_1_178' title='bbox 544 1382 692 1423; x_wconf 81' lang='grc' dir='ltr'>ἔσβεσεν</span> <span class='ocrx_word' id='word_1_179' title='bbox 712 1383 746 1416; x_wconf 86' lang='grc' dir='ltr'>ε’ν</span> <span class='ocrx_word' id='word_1_180' title='bbox 762 1383 954 1427; x_wconf 82' lang='grc' dir='ltr'>βλεφάροις</span> <span class='ocrx_word' id='word_1_181' title='bbox 974 1382 1026 1416; x_wconf 70' lang='grc' dir='ltr'>καὶ</span> <span class='ocrx_word' id='word_1_182' title='bbox 1045 1383 1169 1416; x_wconf 83' lang='grc' dir='ltr'>σκότον</span> <span class='ocrx_word' id='word_1_183' title='bbox 1187 1380 1342 1428; x_wconf 80' lang='grc' dir='ltr'>ἠγάγετο.</span> 
     </span>
     <span class='ocr_line' id='line_1_20' title="bbox 215 1443 1679 1493; baseline 0.003 -15"><span class='ocrx_word' id='word_1_184' title='bbox 215 1443 409 1491; x_wconf 77' lang='grc' dir='ltr'>Ἕρμιππος</span> <span class='ocrx_word' id='word_1_185' title='bbox 429 1445 467 1480; x_wconf 71' lang='grc' dir='ltr'>δέ</span> <span class='ocrx_word' id='word_1_186' title='bbox 484 1448 573 1491; x_wconf 84' lang='grc' dir='ltr'>φησι</span> <span class='ocrx_word' id='word_1_187' title='bbox 593 1448 705 1493; x_wconf 84' lang='grc' dir='ltr'>λε’γειν</span> <span class='ocrx_word' id='word_1_188' title='bbox 723 1447 824 1481; x_wconf 78' lang='grc' dir='ltr'>αὐτὸν</span> <span class='ocrx_word' id='word_1_189' title='bbox 842 1448 910 1482; x_wconf 79' lang='grc' dir='ltr'>τοῖς</span> <span class='ocrx_word' id='word_1_190' title='bbox 931 1447 1055 1491; x_wconf 85' lang='grc' dir='ltr'>ιάτροῖς</span> <span class='ocrx_word' id='word_1_191' title='bbox 1081 1446 1112 1481; x_wconf 76' lang='grc' dir='ltr'>εἴ</span> <span class='ocrx_word' id='word_1_192' title='bbox 1129 1461 1178 1482; x_wconf 89' lang='grc' dir='ltr'>τις</span> <span class='ocrx_word' id='word_1_193' title='bbox 1203 1445 1338 1481; x_wconf 77' lang='grc' dir='ltr'>δύναται</span> <span class='ocrx_word' id='word_1_194' title='bbox 1361 1446 1403 1481; x_wconf 82' lang='grc' dir='ltr'>τὰ</span> <span class='ocrx_word' id='word_1_195' title='bbox 1421 1446 1538 1492; x_wconf 74' lang='grc' dir='ltr'>ἔντερα</span> <span class='ocrx_word' id='word_1_196' title='bbox 1556 1445 1679 1482; x_wconf 66' lang='grc' dir='ltr'>πιέσας</span> 
     </span>
     <span class='ocr_line' id='line_1_21' title="bbox 163 1508 1680 1556; baseline 0.003 -15"><span class='ocrx_word' id='word_1_197' title='bbox 163 1518 202 1541; x_wconf 82' lang='lat'>20</span> <span class='ocrx_word' id='word_1_198' title='bbox 220 1508 258 1542; x_wconf 87' lang='grc' dir='ltr'>τὸ</span> <span class='ocrx_word' id='word_1_199' title='bbox 283 1509 384 1555; x_wconf 76' lang='grc' dir='ltr'>ὑγρὸν</span> <span class='ocrx_word' id='word_1_200' title='bbox 407 1509 577 1555; x_wconf 71' lang='grc' dir='ltr'>ἐξερᾶσαι·</span> <span class='ocrx_word' id='word_1_201' title='bbox 608 1510 816 1546; x_wconf 83' lang='grc' dir='ltr'>ἀπειπόντων</span> <span class='ocrx_word' id='word_1_202' title='bbox 841 1511 889 1556; x_wconf 69' lang='grc' dir='ltr'>δέ,</span> <span class='ocrx_word' id='word_1_203' title='bbox 914 1511 1018 1546; x_wconf 86' lang='grc' dir='ltr'>θεῖναι</span> <span class='ocrx_word' id='word_1_204' title='bbox 1047 1510 1148 1545; x_wconf 75' lang='grc' dir='ltr'>αὑτὸν</span> <span class='ocrx_word' id='word_1_205' title='bbox 1176 1509 1222 1546; x_wconf 80' lang='grc' dir='ltr'>εἷς</span> <span class='ocrx_word' id='word_1_206' title='bbox 1249 1511 1307 1544; x_wconf 87' lang='grc' dir='ltr'>τὸν</span> <span class='ocrx_word' id='word_1_207' title='bbox 1332 1510 1432 1554; x_wconf 78' lang='grc' dir='ltr'>ἥλιον</span> <span class='ocrx_word' id='word_1_208' title='bbox 1460 1510 1512 1544; x_wconf 73' lang='grc' dir='ltr'>καὶ</span> <span class='ocrx_word' id='word_1_209' title='bbox 1532 1508 1680 1545; x_wconf 74' lang='grc' dir='ltr'>κελεύειν</span> 
     </span>
     <span class='ocr_line' id='line_1_22' title="bbox 220 1574 1680 1621; baseline 0.001 -13"><span class='ocrx_word' id='word_1_210' title='bbox 220 1574 299 1610; x_wconf 78' lang='grc' dir='ltr'>τοὺς</span> <span class='ocrx_word' id='word_1_211' title='bbox 332 1575 454 1611; x_wconf 85' lang='grc' dir='ltr'>παῖδας</span> <span class='ocrx_word' id='word_1_212' title='bbox 489 1577 645 1616; x_wconf 85' lang='grc' dir='ltr'>βολίτοις</span> <span class='ocrx_word' id='word_1_213' title='bbox 682 1576 933 1611; x_wconf 83' lang='grc' dir='ltr'>καταπλάττειν·</span> <span class='ocrx_word' id='word_1_214' title='bbox 982 1575 1069 1611; x_wconf 75' lang='grc' dir='ltr'>οὕτω</span> <span class='ocrx_word' id='word_1_215' title='bbox 1103 1576 1143 1620; x_wconf 85' lang='grc' dir='ltr'>δὴ</span> <span class='ocrx_word' id='word_1_216' title='bbox 1181 1577 1453 1619; x_wconf 84' lang='grc' dir='ltr'>κατατεινόμενον</span> <span class='ocrx_word' id='word_1_217' title='bbox 1489 1575 1680 1621; x_wconf 83' lang='grc' dir='ltr'>δευτεραῖον</span> 
     </span>
     <span class='ocr_line' id='line_1_23' title="bbox 219 1639 1678 1688; baseline 0.001 -15"><span class='ocrx_word' id='word_1_218' title='bbox 219 1640 422 1683; x_wconf 83' lang='grc' dir='ltr'>τελευτῆσαι</span> <span class='ocrx_word' id='word_1_219' title='bbox 455 1641 507 1675; x_wconf 80' lang='grc' dir='ltr'>καὶ</span> <span class='ocrx_word' id='word_1_220' title='bbox 539 1642 685 1687; x_wconf 87' lang='grc' dir='ltr'>ταφῆναι</span> <span class='ocrx_word' id='word_1_221' title='bbox 714 1642 750 1675; x_wconf 83' lang='grc' dir='ltr'>ε’ν</span> <span class='ocrx_word' id='word_1_222' title='bbox 778 1643 817 1686; x_wconf 81' lang='grc' dir='ltr'>τῇ</span> <span class='ocrx_word' id='word_1_223' title='bbox 851 1641 969 1688; x_wconf 79' lang='grc' dir='ltr'>ἀγορᾷ.</span> <span class='ocrx_word' id='word_1_224' title='bbox 1028 1640 1177 1684; x_wconf 84' lang='grc' dir='ltr'>Νεάνθης</span> <span class='ocrx_word' id='word_1_225' title='bbox 1205 1639 1235 1675; x_wconf 81' lang='grc' dir='ltr'>δ’</span> <span class='ocrx_word' id='word_1_226' title='bbox 1265 1642 1284 1674; x_wconf 86' lang='grc' dir='ltr'>ὁ</span> <span class='ocrx_word' id='word_1_227' title='bbox 1313 1641 1490 1684; x_wconf 73' lang='grc' dir='ltr'>Κυζικηνός</span> <span class='ocrx_word' id='word_1_228' title='bbox 1516 1640 1607 1685; x_wconf 86' lang='grc' dir='ltr'>φησι</span> <span class='ocrx_word' id='word_1_229' title='bbox 1632 1639 1678 1684; x_wconf 76' lang='grc' dir='ltr'>μὴ</span> 
     </span>
     <span class='ocr_line' id='line_1_24' title="bbox 221 1703 1678 1751; baseline 0.001 -14"><span class='ocrx_word' id='word_1_230' title='bbox 221 1703 400 1748; x_wconf 73' lang='grc' dir='ltr'>δυνηθέντα</span> <span class='ocrx_word' id='word_1_231' title='bbox 425 1705 525 1740; x_wconf 76' lang='grc' dir='ltr'>αὑτὸν</span> <span class='ocrx_word' id='word_1_232' title='bbox 547 1705 748 1740; x_wconf 86' lang='grc' dir='ltr'>ἀποσπάσαι</span> <span class='ocrx_word' id='word_1_233' title='bbox 771 1707 812 1740; x_wconf 85' lang='grc' dir='ltr'>τὰ</span> <span class='ocrx_word' id='word_1_234' title='bbox 832 1709 955 1747; x_wconf 86' lang='grc' dir='ltr'>βόλιτα</span> <span class='ocrx_word' id='word_1_235' title='bbox 980 1707 1089 1751; x_wconf 88' lang='grc' dir='ltr'>μεῖναι</span> <span class='ocrx_word' id='word_1_236' title='bbox 1115 1706 1168 1740; x_wconf 79' lang='grc' dir='ltr'>καὶ</span> <span class='ocrx_word' id='word_1_237' title='bbox 1193 1705 1247 1740; x_wconf 81' lang='grc' dir='ltr'>διὰ</span> <span class='ocrx_word' id='word_1_238' title='bbox 1271 1705 1330 1750; x_wconf 83' lang='grc' dir='ltr'>τὴν</span> <span class='ocrx_word' id='word_1_239' title='bbox 1348 1704 1540 1749; x_wconf 83' lang='grc' dir='ltr'>μεταβολὴν</span> <span class='ocrx_word' id='word_1_240' title='bbox 1557 1703 1678 1751; x_wconf 83' lang='grc' dir='ltr'>ἀγνοη-</span> 
     </span>
     <span class='ocr_line' id='line_1_25' title="bbox 220 1768 1679 1819; baseline 0.001 -16"><span class='ocrx_word' id='word_1_241' title='bbox 220 1768 318 1804; x_wconf 76' lang='grc' dir='ltr'>θέντα</span> <span class='ocrx_word' id='word_1_242' title='bbox 348 1772 562 1816; x_wconf 86' lang='grc' dir='ltr'>κυνόβρωτον</span> <span class='ocrx_word' id='word_1_243' title='bbox 589 1771 758 1817; x_wconf 74' lang='grc' dir='ltr'>γενέσθαι.</span> <span class='ocrx_word' id='word_1_244' title='bbox 805 1772 864 1819; x_wconf 89' lang='lat'>(5)</span> <span class='ocrx_word' id='word_1_245' title='bbox 895 1773 1011 1817; x_wconf 87' lang='grc' dir='ltr'>γε’γονε</span> <span class='ocrx_word' id='word_1_246' title='bbox 1041 1771 1076 1805; x_wconf 76' lang='grc' dir='ltr'>δέ</span> <span class='ocrx_word' id='word_1_247' title='bbox 1105 1771 1290 1815; x_wconf 83' lang='grc' dir='ltr'>θαυμάσιος</span> <span class='ocrx_word' id='word_1_248' title='bbox 1318 1770 1354 1804; x_wconf 87' lang='grc' dir='ltr'>ε“κ</span> <span class='ocrx_word' id='word_1_249' title='bbox 1376 1769 1515 1814; x_wconf 81' lang='grc' dir='ltr'>παίδων,</span> <span class='ocrx_word' id='word_1_250' title='bbox 1541 1768 1597 1805; x_wconf 82' lang='grc' dir='ltr'>ὅτε</span> <span class='ocrx_word' id='word_1_251' title='bbox 1625 1768 1679 1804; x_wconf 65' lang='grc' dir='ltr'>καὶ</span> 
     </span>
     <span class='ocr_line' id='line_1_26' title="bbox 161 1833 1676 1882; baseline 0.003 -18"><span class='ocrx_word' id='word_1_252' title='bbox 161 1842 201 1873; x_wconf 75' lang='lat'>25</span> <span class='ocrx_word' id='word_1_253' title='bbox 222 1833 294 1870; x_wconf 90' lang='grc' dir='ltr'>νεός</span> <span class='ocrx_word' id='word_1_254' title='bbox 322 1835 368 1870; x_wconf 80' lang='grc' dir='ltr'>ὢν</span> <span class='ocrx_word' id='word_1_255' title='bbox 395 1835 526 1881; x_wconf 80' lang='grc' dir='ltr'>ἔφασκε</span> <span class='ocrx_word' id='word_1_256' title='bbox 554 1836 658 1879; x_wconf 68' lang='grc' dir='ltr'>μηδὲν</span> <span class='ocrx_word' id='word_1_257' title='bbox 686 1836 817 1880; x_wconf 73' lang='grc' dir='ltr'>εἰδέναι,</span> <span class='ocrx_word' id='word_1_258' title='bbox 846 1836 979 1872; x_wconf 70' lang='grc' dir='ltr'>τέλειος</span> <span class='ocrx_word' id='word_1_259' title='bbox 1007 1836 1121 1880; x_wconf 71' lang='grc' dir='ltr'>μέντοι</span> <span class='ocrx_word' id='word_1_260' title='bbox 1148 1838 1325 1882; x_wconf 85' lang='grc' dir='ltr'>γενόμενος</span> <span class='ocrx_word' id='word_1_261' title='bbox 1353 1834 1461 1870; x_wconf 85' lang='grc' dir='ltr'>πάντα</span> <span class='ocrx_word' id='word_1_262' title='bbox 1488 1834 1676 1881; x_wconf 65' lang='grc' dir='ltr'>ἐγνωκέναι·</span> 
     </span>
     <span class='ocr_line' id='line_1_27' title="bbox 220 1898 1676 1946; baseline 0.003 -14"><span class='ocrx_word' id='word_1_263' title='bbox 220 1898 347 1942; x_wconf 73' lang='grc' dir='ltr'>ἤκουσέ</span> <span class='ocrx_word' id='word_1_264' title='bbox 364 1914 400 1933; x_wconf 92' lang='grc' dir='ltr'>τε</span> <span class='ocrx_word' id='word_1_265' title='bbox 420 1900 564 1944; x_wconf 73' lang='grc' dir='ltr'>οὐδενός,</span> <span class='ocrx_word' id='word_1_266' title='bbox 584 1898 662 1934; x_wconf 84' lang='grc' dir='ltr'>ἀλλ’</span> <span class='ocrx_word' id='word_1_267' title='bbox 677 1901 778 1935; x_wconf 74' lang='grc' dir='ltr'>αὐτὸν</span> <span class='ocrx_word' id='word_1_268' title='bbox 795 1901 862 1946; x_wconf 82' lang='grc' dir='ltr'>ἔφη</span> <span class='ocrx_word' id='word_1_269' title='bbox 886 1900 1089 1944; x_wconf 76' lang='grc' dir='ltr'>διζήσασθαι</span> <span class='ocrx_word' id='word_1_270' title='bbox 1115 1901 1167 1934; x_wconf 82' lang='grc' dir='ltr'>καὶ</span> <span class='ocrx_word' id='word_1_271' title='bbox 1186 1900 1303 1945; x_wconf 87' lang='grc' dir='ltr'>μαθεῖν</span> <span class='ocrx_word' id='word_1_272' title='bbox 1320 1900 1428 1934; x_wconf 90' lang='grc' dir='ltr'>πάντα</span> <span class='ocrx_word' id='word_1_273' title='bbox 1445 1898 1523 1946; x_wconf 80' lang='grc' dir='ltr'>παρ’</span> <span class='ocrx_word' id='word_1_274' title='bbox 1539 1899 1676 1936; x_wconf 64' lang='grc' dir='ltr'>ἑωυτοῦ.</span> 
     </span>
     <span class='ocr_line' id='line_1_28' title="bbox 220 1962 1678 2011; baseline 0 -13"><span class='ocrx_word' id='word_1_275' title='bbox 220 1964 355 1999; x_wconf 87' lang='grc' dir='ltr'>Σωτίων</span> <span class='ocrx_word' id='word_1_276' title='bbox 385 1964 424 1998; x_wconf 83' lang='grc' dir='ltr'>δέ</span> <span class='ocrx_word' id='word_1_277' title='bbox 452 1965 561 2009; x_wconf 81' lang='grc' dir='ltr'>φησιν</span> <span class='ocrx_word' id='word_1_278' title='bbox 591 1965 752 2011; x_wconf 77' lang='grc' dir='ltr'>εἲρηκέναι</span> <span class='ocrx_word' id='word_1_279' title='bbox 782 1966 872 2002; x_wconf 84' lang='grc' dir='ltr'>τινὰς</span> <span class='ocrx_word' id='word_1_280' title='bbox 905 1966 1118 2011; x_wconf 83' lang='grc' dir='ltr'>Ξενοφάνους</span> <span class='ocrx_word' id='word_1_281' title='bbox 1150 1965 1250 1999; x_wconf 75' lang='grc' dir='ltr'>αὐτὸν</span> <span class='ocrx_word' id='word_1_282' title='bbox 1281 1964 1462 2008; x_wconf 84' lang='grc' dir='ltr'>ἀκηκοέναι,</span> <span class='ocrx_word' id='word_1_283' title='bbox 1496 1962 1609 2010; x_wconf 82' lang='grc' dir='ltr'>λε’γειν</span> <span class='ocrx_word' id='word_1_284' title='bbox 1639 1978 1678 1999; x_wconf 88' lang='grc' dir='ltr'>τε</span> 
     </span>
     <span class='ocr_line' id='line_1_29' title="bbox 219 2026 1677 2076; baseline 0.001 -14"><span class='ocrx_word' id='word_1_285' title='bbox 219 2026 407 2073; x_wconf 84' lang='grc' dir='ltr'>Ἀρίστωνα</span> <span class='ocrx_word' id='word_1_286' title='bbox 445 2029 480 2063; x_wconf 75' lang='grc' dir='ltr'>ἐν</span> <span class='ocrx_word' id='word_1_287' title='bbox 508 2031 555 2076; x_wconf 80' lang='grc' dir='ltr'>τῷ</span> <span class='ocrx_word' id='word_1_288' title='bbox 588 2031 665 2075; x_wconf 86' lang='grc' dir='ltr'>περὶ</span> <span class='ocrx_word' id='word_1_289' title='bbox 701 2029 924 2076; x_wconf 82' lang='grc' dir='ltr'>Ἡρακλείτου</span> <span class='ocrx_word' id='word_1_290' title='bbox 962 2030 1014 2063; x_wconf 82' lang='grc' dir='ltr'>καὶ</span> <span class='ocrx_word' id='word_1_291' title='bbox 1043 2031 1103 2064; x_wconf 90' lang='grc' dir='ltr'>τὸν</span> <span class='ocrx_word' id='word_1_292' title='bbox 1135 2028 1253 2075; x_wconf 74' lang='grc' dir='ltr'>ὕδερον</span> <span class='ocrx_word' id='word_1_293' title='bbox 1289 2029 1389 2063; x_wconf 82' lang='grc' dir='ltr'>αὐτὸν</span> <span class='ocrx_word' id='word_1_294' title='bbox 1425 2027 1677 2074; x_wconf 81' lang='grc' dir='ltr'>θεραπευθῆναι,</span> 
     </span>
     <span class='ocr_line' id='line_1_30' title="bbox 220 2091 1678 2143; baseline 0.001 -17"><span class='ocrx_word' id='word_1_295' title='bbox 220 2091 398 2128; x_wconf 79' lang='grc' dir='ltr'>ἀποθανεῖν</span> <span class='ocrx_word' id='word_1_296' title='bbox 417 2094 452 2128; x_wconf 83' lang='grc' dir='ltr'>δέ</span> <span class='ocrx_word' id='word_1_297' title='bbox 472 2094 561 2138; x_wconf 80' lang='grc' dir='ltr'>ἄλλῃ</span> <span class='ocrx_word' id='word_1_298' title='bbox 582 2096 683 2143; x_wconf 83' lang='grc' dir='ltr'>νόσῳ.</span> <span class='ocrx_word' id='word_1_299' title='bbox 739 2097 838 2129; x_wconf 83' lang='grc' dir='ltr'>τοῦτο</span> <span class='ocrx_word' id='word_1_300' title='bbox 859 2095 894 2129; x_wconf 78' lang='grc' dir='ltr'>δέ</span> <span class='ocrx_word' id='word_1_301' title='bbox 914 2095 966 2129; x_wconf 79' lang='grc' dir='ltr'>καὶ</span> <span class='ocrx_word' id='word_1_302' title='bbox 985 2093 1187 2136; x_wconf 80' lang='grc' dir='ltr'>Ἱππόβοτός</span> <span class='ocrx_word' id='word_1_303' title='bbox 1206 2095 1308 2140; x_wconf 80' lang='grc' dir='ltr'>φησι.</span> <span class='ocrx_word' id='word_1_304' title='bbox 1374 2094 1414 2128; x_wconf 88' lang='grc' dir='ltr'>τὸ</span> <span class='ocrx_word' id='word_1_305' title='bbox 1433 2092 1468 2128; x_wconf 73' lang='grc' dir='ltr'>δὲ</span> <span class='ocrx_word' id='word_1_306' title='bbox 1488 2094 1678 2140; x_wconf 84' lang='grc' dir='ltr'>φερόμενον</span> 
     </span>
     <span class='ocr_line' id='line_1_31' title="bbox 267 2198 1676 2242; baseline 0.001 -11"><span class='ocrx_word' id='word_1_307' title='bbox 267 2210 282 2231; x_wconf 88' lang='lat'><strong>2</strong></span> <span class='ocrx_word' id='word_1_308' title='bbox 300 2200 414 2232; x_wconf 79' lang='grc' dir='ltr'>ἑαυτὸν</span> <span class='ocrx_word' id='word_1_309' title='bbox 430 2201 457 2232; x_wconf 94' lang='lat' dir='ltr'>L</span> <span class='ocrx_word' id='word_1_310' title='bbox 476 2205 488 2237; x_wconf 97' lang='grc'>11</span> <span class='ocrx_word' id='word_1_311' title='bbox 513 2200 663 2240; x_wconf 81' lang='grc' dir='ltr'>ὀνήιστον</span> <span class='ocrx_word' id='word_1_312' title='bbox 680 2201 842 2232; x_wconf 82' lang='lat' dir='ltr'>Huebner</span> <span class='ocrx_word' id='word_1_313' title='bbox 859 2200 931 2233; x_wconf 79' lang='lat' dir='ltr'><strong><em>Cob.</em></strong></span> <span class='ocrx_word' id='word_1_314' title='bbox 948 2213 954 2231; x_wconf 92' lang='grc'>;</span> <span class='ocrx_word' id='word_1_315' title='bbox 980 2200 1130 2241; x_wconf 80' lang='grc' dir='ltr'>ὀνηιστόν</span> <span class='ocrx_word' id='word_1_316' title='bbox 1146 2201 1233 2242; x_wconf 82' lang='lat' dir='ltr'>vulg.</span> <span class='ocrx_word' id='word_1_317' title='bbox 1250 2213 1255 2232; x_wconf 90' lang='lat'>:</span> <span class='ocrx_word' id='word_1_318' title='bbox 1280 2199 1393 2240; x_wconf 82' lang='grc' dir='ltr'>ἠιστὸν</span> <span class='ocrx_word' id='word_1_319' title='bbox 1406 2200 1444 2231; x_wconf 91' lang='grc' dir='ltr'><strong>Μ</strong></span> <span class='ocrx_word' id='word_1_320' title='bbox 1462 2203 1475 2238; x_wconf 95' lang='grc'>11</span> <span class='ocrx_word' id='word_1_321' title='bbox 1502 2207 1520 2239; x_wconf 83' lang='lat'>3</span> <span class='ocrx_word' id='word_1_322' title='bbox 1538 2198 1676 2239; x_wconf 65' lang='grc' dir='ltr'>ὑμέωνΟ</span> 
     </span>
     <span class='ocr_line' id='line_1_32' title="bbox 221 2249 1675 2293; baseline 0 -11"><span class='ocrx_word' id='word_1_323' title='bbox 221 2255 234 2290; x_wconf 88' lang='grc'>11</span> <span class='ocrx_word' id='word_1_324' title='bbox 253 2251 357 2292; x_wconf 78' lang='grc' dir='ltr'>μηδεὶς</span> <span class='ocrx_word' id='word_1_325' title='bbox 376 2252 447 2284; x_wconf 85' lang='lat' dir='ltr'><strong><em>Cob.</em></strong></span> <span class='ocrx_word' id='word_1_326' title='bbox 465 2264 470 2284; x_wconf 90' lang='lat'>:</span> <span class='ocrx_word' id='word_1_327' title='bbox 494 2252 537 2291; x_wconf 86' lang='grc' dir='ltr'>μὴ</span> <span class='ocrx_word' id='word_1_328' title='bbox 553 2253 586 2284; x_wconf 77' lang='grc' dir='ltr'>δὲ</span> <span class='ocrx_word' id='word_1_329' title='bbox 603 2252 673 2284; x_wconf 87' lang='grc' dir='ltr'>ι’σον</span> <span class='ocrx_word' id='word_1_330' title='bbox 689 2251 799 2292; x_wconf 72' lang='grc' dir='ltr'>ἠιστὸι</span> <span class='ocrx_word' id='word_1_331' title='bbox 816 2253 853 2284; x_wconf 83' lang='lat' dir='ltr'>M</span> <span class='ocrx_word' id='word_1_332' title='bbox 889 2257 901 2290; x_wconf 96' lang='grc'>11</span> <span class='ocrx_word' id='word_1_333' title='bbox 933 2251 1027 2283; x_wconf 74' lang='grc' dir='ltr'>ἄλλοι</span> <span class='ocrx_word' id='word_1_334' title='bbox 1047 2253 1102 2284; x_wconf 81' lang='lat' dir='ltr'>Fr.</span> <span class='ocrx_word' id='word_1_335' title='bbox 1132 2257 1144 2290; x_wconf 94' lang='grc'>11</span> <span class='ocrx_word' id='word_1_336' title='bbox 1178 2252 1198 2284; x_wconf 90' lang='grc'><strong>6</strong></span> <span class='ocrx_word' id='word_1_337' title='bbox 1214 2250 1443 2293; x_wconf 72' lang='grc' dir='ltr'>παραστάντων</span> <span class='ocrx_word' id='word_1_338' title='bbox 1459 2252 1485 2283; x_wconf 88' lang='lat' dir='ltr'>C</span> <span class='ocrx_word' id='word_1_339' title='bbox 1514 2255 1527 2289; x_wconf 88' lang='grc'>11</span> <span class='ocrx_word' id='word_1_340' title='bbox 1562 2257 1579 2291; x_wconf 86' lang='grc'>7</span> <span class='ocrx_word' id='word_1_341' title='bbox 1595 2249 1675 2293; x_wconf 68' lang='grc' dir='ltr'>ἔφη]</span> 
     </span>
     <span class='ocr_line' id='line_1_33' title="bbox 221 2302 1676 2346; baseline 0.001 -12"><span class='ocrx_word' id='word_1_342' title='bbox 221 2302 307 2334; x_wconf 76' lang='grc' dir='ltr'>εἶπεν</span> <span class='ocrx_word' id='word_1_343' title='bbox 324 2304 357 2335; x_wconf 82' lang='grc' dir='ltr'><strong>Ν</strong></span> <span class='ocrx_word' id='word_1_344' title='bbox 377 2308 388 2341; x_wconf 97' lang='grc'>11</span> <span class='ocrx_word' id='word_1_345' title='bbox 409 2304 497 2344; x_wconf 80' lang='grc' dir='ltr'>ἡμῶν</span> <span class='ocrx_word' id='word_1_346' title='bbox 514 2305 551 2336; x_wconf 87' lang='lat' dir='ltr'>M</span> <span class='ocrx_word' id='word_1_347' title='bbox 571 2309 583 2342; x_wconf 93' lang='grc'>11</span> <span class='ocrx_word' id='word_1_348' title='bbox 610 2305 627 2335; x_wconf 92' lang='grc'>8</span> <span class='ocrx_word' id='word_1_349' title='bbox 645 2304 793 2344; x_wconf 86' lang='grc' dir='ltr'>διητοῦτο</span> <span class='ocrx_word' id='word_1_350' title='bbox 809 2305 865 2336; x_wconf 86' lang='lat' dir='ltr'>Fr.</span> <span class='ocrx_word' id='word_1_351' title='bbox 884 2309 896 2342; x_wconf 97' lang='grc'>11</span> <span class='ocrx_word' id='word_1_352' title='bbox 921 2315 941 2346; x_wconf 87' lang='grc'><strong>9</strong></span> <span class='ocrx_word' id='word_1_353' title='bbox 958 2304 1009 2334; x_wconf 76' lang='grc' dir='ltr'>καὶ</span> <span class='ocrx_word' id='word_1_354' title='bbox 1026 2303 1092 2345; x_wconf 77' lang='grc' dir='ltr'>διὰ]</span> <span class='ocrx_word' id='word_1_355' title='bbox 1111 2303 1160 2334; x_wconf 79' lang='grc' dir='ltr'>καὶ</span> <span class='ocrx_word' id='word_1_356' title='bbox 1176 2315 1239 2336; x_wconf 89' lang='lat' dir='ltr'>om.</span> <span class='ocrx_word' id='word_1_357' title='bbox 1256 2304 1288 2334; x_wconf 89' lang='lat' dir='ltr'>A</span> <span class='ocrx_word' id='word_1_358' title='bbox 1307 2304 1381 2336; x_wconf 87' lang='lat' dir='ltr'><em>Cob.</em></span> <span class='ocrx_word' id='word_1_359' title='bbox 1400 2306 1413 2340; x_wconf 93' lang='grc'>11</span> <span class='ocrx_word' id='word_1_360' title='bbox 1439 2303 1481 2334; x_wconf 73' lang='grc' dir='ltr'>εῑι</span> <span class='ocrx_word' id='word_1_361' title='bbox 1495 2312 1559 2334; x_wconf 87' lang='lat' dir='ltr'>om.</span> <span class='ocrx_word' id='word_1_362' title='bbox 1578 2302 1676 2335; x_wconf 74' lang='lat' dir='ltr'>LFr.</span> 
     </span>
     <span class='ocr_line' id='line_1_34' title="bbox 223 2353 1676 2397; baseline 0.001 -12"><span class='ocrx_word' id='word_1_363' title='bbox 223 2358 236 2392; x_wconf 95' lang='grc'>11</span> <span class='ocrx_word' id='word_1_364' title='bbox 258 2365 296 2386; x_wconf 88' lang='lat'>10</span> <span class='ocrx_word' id='word_1_365' title='bbox 313 2356 354 2386; x_wconf 71' lang='grc' dir='ltr'>εἰς</span> <span class='ocrx_word' id='word_1_366' title='bbox 371 2366 434 2386; x_wconf 88' lang='lat' dir='ltr'>om.</span> <span class='ocrx_word' id='word_1_367' title='bbox 451 2357 477 2387; x_wconf 87' lang='lat' dir='ltr'>C</span> <span class='ocrx_word' id='word_1_368' title='bbox 496 2360 507 2393; x_wconf 98' lang='grc'>11</span> <span class='ocrx_word' id='word_1_369' title='bbox 524 2355 759 2396; x_wconf 66' lang='grc' dir='ltr'>αἰνιγματωδῶς</span> <span class='ocrx_word' id='word_1_370' title='bbox 775 2356 864 2397; x_wconf 85' lang='lat' dir='ltr'><strong>vulg.</strong></span> <span class='ocrx_word' id='word_1_371' title='bbox 882 2360 894 2393; x_wconf 96' lang='grc'>11</span> <span class='ocrx_word' id='word_1_372' title='bbox 919 2365 949 2387; x_wconf 83' lang='grc' dir='ltr'>ιι</span> <span class='ocrx_word' id='word_1_373' title='bbox 968 2355 1067 2386; x_wconf 77' lang='grc' dir='ltr'>αὐτὸν</span> <span class='ocrx_word' id='word_1_374' title='bbox 1080 2356 1168 2397; x_wconf 85' lang='lat' dir='ltr'>vulg.</span> <span class='ocrx_word' id='word_1_375' title='bbox 1183 2367 1188 2386; x_wconf 93' lang='lat'>:</span> <span class='ocrx_word' id='word_1_376' title='bbox 1213 2354 1311 2386; x_wconf 75' lang='grc' dir='ltr'>αὑτὸν</span> <span class='ocrx_word' id='word_1_377' title='bbox 1323 2355 1369 2386; x_wconf 75' lang='lat' dir='ltr'>St.</span> <span class='ocrx_word' id='word_1_378' title='bbox 1382 2354 1458 2387; x_wconf 79' lang='lat' dir='ltr'><em>Cob.</em></span> <span class='ocrx_word' id='word_1_379' title='bbox 1476 2357 1488 2391; x_wconf 93' lang='grc'>11</span> <span class='ocrx_word' id='word_1_380' title='bbox 1507 2353 1549 2385; x_wconf 72' lang='grc' dir='ltr'>εἱε</span> <span class='ocrx_word' id='word_1_381' title='bbox 1560 2363 1623 2386; x_wconf 87' lang='lat' dir='ltr'>om.</span> <span class='ocrx_word' id='word_1_382' title='bbox 1635 2354 1676 2385; x_wconf 97' lang='lat' dir='ltr'>M</span> 
     </span>
     <span class='ocr_line' id='line_1_35' title="bbox 223 2404 1675 2447; baseline -0.005 -3"><span class='ocrx_word' id='word_1_383' title='bbox 223 2410 235 2443; x_wconf 94' lang='grc' dir='ltr'>ΙΙ</span> <span class='ocrx_word' id='word_1_384' title='bbox 253 2406 433 2447; x_wconf 79' lang='grc' dir='ltr'>Βούστησιν</span> <span class='ocrx_word' id='word_1_385' title='bbox 444 2408 499 2439; x_wconf 86' lang='lat' dir='ltr'>Fr.</span> <span class='ocrx_word' id='word_1_386' title='bbox 518 2419 523 2438; x_wconf 88' lang='grc'>;</span> <span class='ocrx_word' id='word_1_387' title='bbox 540 2407 737 2443; x_wconf 81' lang='grc' dir='ltr'>βουστάσιον</span> <span class='ocrx_word' id='word_1_388' title='bbox 749 2408 824 2439; x_wconf 67' lang='lat' dir='ltr'><em>Coc».</em></span> <span class='ocrx_word' id='word_1_389' title='bbox 843 2410 855 2445; x_wconf 96' lang='grc'>11</span> <span class='ocrx_word' id='word_1_390' title='bbox 878 2416 913 2438; x_wconf 82' lang='lat'>12</span> <span class='ocrx_word' id='word_1_391' title='bbox 932 2405 1149 2447; x_wconf 72' lang='grc' dir='ltr'>ἐξω-μίξεσθαι</span> <span class='ocrx_word' id='word_1_392' title='bbox 1163 2407 1227 2438; x_wconf 90' lang='lat' dir='ltr'>AL</span> <span class='ocrx_word' id='word_1_393' title='bbox 1245 2410 1257 2444; x_wconf 92' lang='grc'>11</span> <span class='ocrx_word' id='word_1_394' title='bbox 1279 2407 1318 2437; x_wconf 93' lang='lat'>16</span> <span class='ocrx_word' id='word_1_395' title='bbox 1329 2404 1388 2437; x_wconf 81' lang='grc' dir='ltr'>ὧδε</span> <span class='ocrx_word' id='word_1_396' title='bbox 1401 2416 1464 2438; x_wconf 89' lang='lat' dir='ltr'>om.</span> <span class='ocrx_word' id='word_1_397' title='bbox 1478 2405 1506 2436; x_wconf 94' lang='lat' dir='ltr'>L</span> <span class='ocrx_word' id='word_1_398' title='bbox 1522 2416 1528 2436; x_wconf 91' lang='lat'>:</span> <span class='ocrx_word' id='word_1_399' title='bbox 1545 2405 1622 2444; x_wconf 80' lang='grc' dir='ltr'>τῆδε</span> <span class='ocrx_word' id='word_1_400' title='bbox 1634 2405 1675 2437; x_wconf 91' lang='grc' dir='ltr'><strong>Μ</strong></span> 
     </span>
     <span class='ocr_line' id='line_1_36' title="bbox 222 2456 1676 2499; baseline 0 -10"><span class='ocrx_word' id='word_1_401' title='bbox 222 2461 235 2496; x_wconf 94' lang='grc'>11</span> <span class='ocrx_word' id='word_1_402' title='bbox 254 2457 407 2496; x_wconf 71' lang='grc' dir='ltr'>δύσμονος</span> <span class='ocrx_word' id='word_1_403' title='bbox 423 2459 462 2490; x_wconf 93' lang='grc' dir='ltr'><strong>Μ</strong></span> <span class='ocrx_word' id='word_1_404' title='bbox 489 2463 500 2496; x_wconf 94' lang='grc'>11</span> <span class='ocrx_word' id='word_1_405' title='bbox 529 2460 566 2490; x_wconf 86' lang='lat'>18</span> <span class='ocrx_word' id='word_1_406' title='bbox 583 2459 619 2490; x_wconf 83' lang='grc' dir='ltr'>ὲκ</span> <span class='ocrx_word' id='word_1_407' title='bbox 634 2458 804 2499; x_wconf 80' lang='grc' dir='ltr'>βλεφάρων</span> <span class='ocrx_word' id='word_1_408' title='bbox 820 2459 875 2490; x_wconf 82' lang='lat' dir='ltr'>Fr.</span> <span class='ocrx_word' id='word_1_409' title='bbox 891 2459 939 2491; x_wconf 78' lang='lat' dir='ltr'>St.</span> <span class='ocrx_word' id='word_1_410' title='bbox 963 2463 974 2496; x_wconf 96' lang='grc'>11</span> <span class='ocrx_word' id='word_1_411' title='bbox 1001 2458 1115 2489; x_wconf 65' lang='grc' dir='ltr'>σκότου</span> <span class='ocrx_word' id='word_1_412' title='bbox 1131 2458 1169 2490; x_wconf 83' lang='grc' dir='ltr'><strong>Μ</strong></span> <span class='ocrx_word' id='word_1_413' title='bbox 1195 2462 1207 2495; x_wconf 94' lang='grc'>11</span> <span class='ocrx_word' id='word_1_414' title='bbox 1238 2468 1274 2499; x_wconf 91' lang='lat'>¹9</span> <span class='ocrx_word' id='word_1_415' title='bbox 1288 2463 1367 2498; x_wconf 77' lang='grc' dir='ltr'>φησι</span> <span class='ocrx_word' id='word_1_416' title='bbox 1383 2456 1510 2498; x_wconf 76' lang='grc' dir='ltr'>λέγειν]</span> <span class='ocrx_word' id='word_1_417' title='bbox 1526 2456 1619 2497; x_wconf 75' lang='grc' dir='ltr'>λέγει</span> <span class='ocrx_word' id='word_1_418' title='bbox 1634 2457 1676 2489; x_wconf 88' lang='grc' dir='ltr'><strong>Μ</strong></span> 
     </span>
     <span class='ocr_line' id='line_1_37' title="bbox 223 2507 1675 2551; baseline 0.001 -12"><span class='ocrx_word' id='word_1_419' title='bbox 223 2513 236 2546; x_wconf 95' lang='grc'>11</span> <span class='ocrx_word' id='word_1_420' title='bbox 255 2509 387 2551; x_wconf 72' lang='grc' dir='ltr'>Ιατροΐε]</span> <span class='ocrx_word' id='word_1_421' title='bbox 405 2511 518 2550; x_wconf 74' lang='grc' dir='ltr'>ἰατροῖς</span> <span class='ocrx_word' id='word_1_422' title='bbox 534 2511 631 2542; x_wconf 73' lang='grc' dir='ltr'>είπεΐν</span> <span class='ocrx_word' id='word_1_423' title='bbox 647 2511 685 2542; x_wconf 88' lang='lat' dir='ltr'>M</span> <span class='ocrx_word' id='word_1_424' title='bbox 712 2514 724 2547; x_wconf 95' lang='grc' dir='ltr'>ΙΙ</span> <span class='ocrx_word' id='word_1_425' title='bbox 757 2509 883 2541; x_wconf 58' lang='lat' dir='ltr'>abutauro</span> <span class='ocrx_word' id='word_1_426' title='bbox 900 2510 938 2541; x_wconf 89' lang='grc' dir='ltr'><strong>Μ</strong></span> <span class='ocrx_word' id='word_1_427' title='bbox 968 2513 981 2547; x_wconf 93' lang='grc'>11</span> <span class='ocrx_word' id='word_1_428' title='bbox 1011 2519 1051 2541; x_wconf 88' lang='lat'>20</span> <span class='ocrx_word' id='word_1_429' title='bbox 1067 2509 1170 2549; x_wconf 74' lang='grc' dir='ltr'>ἐξᾶραι</span> <span class='ocrx_word' id='word_1_430' title='bbox 1188 2509 1226 2540; x_wconf 91' lang='grc' dir='ltr'><strong>Μ</strong></span> <span class='ocrx_word' id='word_1_431' title='bbox 1242 2509 1290 2540; x_wconf 80' lang='lat' dir='ltr'>St.</span> <span class='ocrx_word' id='word_1_432' title='bbox 1322 2512 1335 2546; x_wconf 92' lang='grc'>11</span> <span class='ocrx_word' id='word_1_433' title='bbox 1365 2517 1400 2539; x_wconf 83' lang='grc'>21</span> <span class='ocrx_word' id='word_1_434' title='bbox 1421 2507 1515 2539; x_wconf 71' lang='grc' dir='ltr'>πόδα</span> <span class='ocrx_word' id='word_1_435' title='bbox 1530 2508 1569 2540; x_wconf 91' lang='grc' dir='ltr'><strong>Μ</strong></span> <span class='ocrx_word' id='word_1_436' title='bbox 1595 2511 1608 2547; x_wconf 96' lang='grc' dir='ltr'>ΙΙ</span> <span class='ocrx_word' id='word_1_437' title='bbox 1636 2517 1675 2540; x_wconf 81' lang='lat'>22</span> 
     </span>
     <span class='ocr_line' id='line_1_38' title="bbox 221 2558 1678 2602; baseline 0.001 -11"><span class='ocrx_word' id='word_1_438' title='bbox 221 2559 386 2601; x_wconf 72' lang='grc' dir='ltr'>κηζικηνόε</span> <span class='ocrx_word' id='word_1_439' title='bbox 401 2563 435 2592; x_wconf 88' lang='lat' dir='ltr'>A</span> <span class='ocrx_word' id='word_1_440' title='bbox 453 2566 465 2599; x_wconf 96' lang='grc'>11</span> <span class='ocrx_word' id='word_1_441' title='bbox 487 2571 525 2602; x_wconf 79' lang='lat'>23</span> <span class='ocrx_word' id='word_1_442' title='bbox 541 2561 591 2592; x_wconf 75' lang='grc' dir='ltr'>καὶ</span> <span class='ocrx_word' id='word_1_443' title='bbox 608 2572 672 2593; x_wconf 87' lang='lat' dir='ltr'>om.</span> <span class='ocrx_word' id='word_1_444' title='bbox 683 2562 708 2592; x_wconf 93' lang='lat' dir='ltr'>C</span> <span class='ocrx_word' id='word_1_445' title='bbox 727 2565 738 2599; x_wconf 95' lang='grc'>11</span> <span class='ocrx_word' id='word_1_446' title='bbox 758 2560 823 2602; x_wconf 85' lang='grc' dir='ltr'>διὰ]</span> <span class='ocrx_word' id='word_1_447' title='bbox 840 2561 877 2600; x_wconf 81' lang='grc' dir='ltr'>δὴ</span> <span class='ocrx_word' id='word_1_448' title='bbox 891 2562 930 2592; x_wconf 90' lang='grc' dir='ltr'><strong>Μ</strong></span> <span class='ocrx_word' id='word_1_449' title='bbox 949 2564 961 2598; x_wconf 97' lang='grc'>11</span> <span class='ocrx_word' id='word_1_450' title='bbox 983 2570 1022 2602; x_wconf 90' lang='lat'>²4</span> <span class='ocrx_word' id='word_1_451' title='bbox 1037 2559 1268 2601; x_wconf 79' lang='grc' dir='ltr'>κυνόβροτονΟ</span> <span class='ocrx_word' id='word_1_452' title='bbox 1281 2560 1336 2591; x_wconf 86' lang='lat' dir='ltr'>Fr.</span> <span class='ocrx_word' id='word_1_453' title='bbox 1356 2563 1368 2597; x_wconf 95' lang='grc'>11</span> <span class='ocrx_word' id='word_1_454' title='bbox 1390 2569 1428 2601; x_wconf 82' lang='lat'>²5</span> <span class='ocrx_word' id='word_1_455' title='bbox 1444 2558 1488 2591; x_wconf 75' lang='grc' dir='ltr'>ὢν</span> <span class='ocrx_word' id='word_1_456' title='bbox 1500 2570 1564 2591; x_wconf 89' lang='lat' dir='ltr'>om.</span> <span class='ocrx_word' id='word_1_457' title='bbox 1576 2560 1603 2592; x_wconf 89' lang='lat' dir='ltr'>C</span> <span class='ocrx_word' id='word_1_458' title='bbox 1618 2560 1678 2594; x_wconf 77' lang='lat' dir='ltr'>Fr.</span> 
     </span>
     <span class='ocr_line' id='line_1_39' title="bbox 221 2610 1675 2654; baseline 0 -10"><span class='ocrx_word' id='word_1_459' title='bbox 221 2611 359 2653; x_wconf 83' lang='grc' dir='ltr'>ἔφασκε]</span> <span class='ocrx_word' id='word_1_460' title='bbox 385 2611 505 2653; x_wconf 85' lang='grc' dir='ltr'>ἔφασκε</span> <span class='ocrx_word' id='word_1_461' title='bbox 529 2612 562 2643; x_wconf 83' lang='grc' dir='ltr'>δὲ</span> <span class='ocrx_word' id='word_1_462' title='bbox 586 2613 615 2644; x_wconf 91' lang='lat' dir='ltr'>L</span> <span class='ocrx_word' id='word_1_463' title='bbox 656 2617 668 2650; x_wconf 96' lang='grc'>11</span> <span class='ocrx_word' id='word_1_464' title='bbox 709 2611 786 2643; x_wconf 78' lang='grc' dir='ltr'>εῒναι</span> <span class='ocrx_word' id='word_1_465' title='bbox 811 2613 840 2643; x_wconf 90' lang='lat' dir='ltr'>L</span> <span class='ocrx_word' id='word_1_466' title='bbox 864 2613 919 2644; x_wconf 81' lang='lat' dir='ltr'>Fr.</span> <span class='ocrx_word' id='word_1_467' title='bbox 943 2612 1042 2652; x_wconf 82' lang='lat' dir='ltr'>(conf.</span> <span class='ocrx_word' id='word_1_468' title='bbox 1066 2612 1207 2644; x_wconf 77' lang='lat' dir='ltr'>Maxim.</span> <span class='ocrx_word' id='word_1_469' title='bbox 1230 2611 1325 2643; x_wconf 80' lang='lat' dir='ltr'>Conf-</span> <span class='ocrx_word' id='word_1_470' title='bbox 1349 2613 1452 2643; x_wconf 83' lang='lat' dir='ltr'>Serm.</span> <span class='ocrx_word' id='word_1_471' title='bbox 1478 2611 1530 2652; x_wconf 87' lang='lat'>56,</span> <span class='ocrx_word' id='word_1_472' title='bbox 1553 2622 1585 2654; x_wconf 84' lang='lat' dir='ltr'>p.</span> <span class='ocrx_word' id='word_1_473' title='bbox 1610 2610 1675 2653; x_wconf 78' lang='lat'>663</span> 
     </span>
     <span class='ocr_line' id='line_1_40' title="bbox 221 2661 1675 2704; baseline 0 -9"><span class='ocrx_word' id='word_1_474' title='bbox 221 2664 384 2704; x_wconf 85' lang='lat' dir='ltr'>Combef.)</span> <span class='ocrx_word' id='word_1_475' title='bbox 409 2668 421 2702; x_wconf 97' lang='grc'>11</span> <span class='ocrx_word' id='word_1_476' title='bbox 450 2663 489 2695; x_wconf 84' lang='lat'>26</span> <span class='ocrx_word' id='word_1_477' title='bbox 511 2662 609 2694; x_wconf 78' lang='grc' dir='ltr'>αὑτὸν</span> <span class='ocrx_word' id='word_1_478' title='bbox 625 2665 693 2696; x_wconf 77' lang='lat' dir='ltr'><strong><em>St.:</em></strong></span> <span class='ocrx_word' id='word_1_479' title='bbox 717 2675 738 2694; x_wconf 88' lang='grc' dir='ltr'>α</span> <span class='ocrx_word' id='word_1_480' title='bbox 758 2662 816 2694; x_wconf 83' lang='grc' dir='ltr'>τὸν</span> <span class='ocrx_word' id='word_1_481' title='bbox 837 2664 964 2695; x_wconf 76' lang='lat' dir='ltr'>codices</span> <span class='ocrx_word' id='word_1_482' title='bbox 979 2665 1060 2696; x_wconf 86' lang='lat' dir='ltr'>Fr.:</span> <span class='ocrx_word' id='word_1_483' title='bbox 1086 2662 1204 2694; x_wconf 79' lang='grc' dir='ltr'>ἑωυτὸν</span> <span class='ocrx_word' id='word_1_484' title='bbox 1227 2663 1305 2695; x_wconf 86' lang='lat' dir='ltr'><em>Cob.</em></span> <span class='ocrx_word' id='word_1_485' title='bbox 1333 2667 1344 2700; x_wconf 98' lang='grc'>11</span> <span class='ocrx_word' id='word_1_486' title='bbox 1371 2661 1555 2702; x_wconf 71' lang='grc' dir='ltr'>διζήσασθαι</span> <span class='ocrx_word' id='word_1_487' title='bbox 1572 2663 1675 2695; x_wconf 80' lang='lat' dir='ltr'>oodex</span> 
     </span>
     <span class='ocr_line' id='line_1_41' title="bbox 222 2713 1673 2757; baseline 0 -11"><span class='ocrx_word' id='word_1_488' title='bbox 222 2715 380 2757; x_wconf 78' lang='lat' dir='ltr'>Menagii‚</span> <span class='ocrx_word' id='word_1_489' title='bbox 412 2716 483 2747; x_wconf 82' lang='lat' dir='ltr'><strong><em>Cob.</em></strong></span> <span class='ocrx_word' id='word_1_490' title='bbox 514 2715 713 2755; x_wconf 79' lang='lat' dir='ltr'>(coniecerat</span> <span class='ocrx_word' id='word_1_491' title='bbox 739 2715 985 2754; x_wconf 70' lang='lat' dir='ltr'>Casaubonus):</span> <span class='ocrx_word' id='word_1_492' title='bbox 1025 2713 1207 2754; x_wconf 71' lang='grc' dir='ltr'>διζὴσεσθαι</span> <span class='ocrx_word' id='word_1_493' title='bbox 1238 2715 1366 2746; x_wconf 85' lang='lat' dir='ltr'>ACLN</span> <span class='ocrx_word' id='word_1_494' title='bbox 1398 2715 1503 2746; x_wconf 75' lang='lat' dir='ltr'>Marc.</span> <span class='ocrx_word' id='word_1_495' title='bbox 1526 2716 1582 2747; x_wconf 76' lang='lat' dir='ltr'>Fr.</span> <span class='ocrx_word' id='word_1_496' title='bbox 1605 2715 1673 2747; x_wconf 78' lang='lat' dir='ltr'><strong><em>St.:</em></strong></span> 
     </span>
     <span class='ocr_line' id='line_1_42' title="bbox 221 2765 1676 2808; baseline 0 -11"><span class='ocrx_word' id='word_1_497' title='bbox 221 2765 423 2806; x_wconf 75' lang='grc' dir='ltr'>διαζήσεσθαι</span> <span class='ocrx_word' id='word_1_498' title='bbox 455 2767 494 2798; x_wconf 91' lang='grc' dir='ltr'><strong>Μ</strong></span> <span class='ocrx_word' id='word_1_499' title='bbox 527 2767 648 2798; x_wconf 87' lang='lat' dir='ltr'><strong>Burb.:</strong></span> <span class='ocrx_word' id='word_1_500' title='bbox 690 2770 814 2798; x_wconf 81' lang='lat' dir='ltr'><strong>‘semet</strong></span> <span class='ocrx_word' id='word_1_501' title='bbox 845 2767 1092 2808; x_wconf 81' lang='lat' dir='ltr'>investigandae</span> <span class='ocrx_word' id='word_1_502' title='bbox 1122 2766 1257 2798; x_wconf 79' lang='lat' dir='ltr'><strong>veritati</strong></span> <span class='ocrx_word' id='word_1_503' title='bbox 1296 2765 1442 2797; x_wconf 78' lang='lat' dir='ltr'>dedisse&#39;</span> <span class='ocrx_word' id='word_1_504' title='bbox 1478 2765 1676 2798; x_wconf 73' lang='lat' dir='ltr'>Ambrosius</span> 
     </span>
     <span class='ocr_line' id='line_1_43' title="bbox 223 2816 1674 2858; baseline 0.001 -9"><span class='ocrx_word' id='word_1_505' title='bbox 223 2822 236 2856; x_wconf 96' lang='grc'>11</span> <span class='ocrx_word' id='word_1_506' title='bbox 255 2817 372 2849; x_wconf 79' lang='grc' dir='ltr'>ἑωυτοῦ</span> <span class='ocrx_word' id='word_1_507' title='bbox 395 2818 470 2849; x_wconf 88' lang='grc' dir='ltr'><strong>ΑΜ</strong></span> <span class='ocrx_word' id='word_1_508' title='bbox 496 2818 602 2851; x_wconf 74' lang='lat' dir='ltr'>Marc.</span> <span class='ocrx_word' id='word_1_509' title='bbox 631 2818 722 2851; x_wconf 82' lang='lat' dir='ltr'><em>Cob.:</em></span> <span class='ocrx_word' id='word_1_510' title='bbox 755 2817 868 2849; x_wconf 83' lang='grc' dir='ltr'>ἑαυτοῦ</span> <span class='ocrx_word' id='word_1_511' title='bbox 890 2818 983 2850; x_wconf 89' lang='lat' dir='ltr'>CLN</span> <span class='ocrx_word' id='word_1_512' title='bbox 1007 2817 1109 2850; x_wconf 89' lang='lat' dir='ltr'>Burb.</span> <span class='ocrx_word' id='word_1_513' title='bbox 1135 2817 1191 2849; x_wconf 83' lang='lat' dir='ltr'>Fr.</span> <span class='ocrx_word' id='word_1_514' title='bbox 1213 2816 1260 2850; x_wconf 79' lang='lat' dir='ltr'>St.</span> <span class='ocrx_word' id='word_1_515' title='bbox 1301 2820 1313 2855; x_wconf 97' lang='grc'>11</span> <span class='ocrx_word' id='word_1_516' title='bbox 1356 2824 1394 2858; x_wconf 83' lang='lat'>27</span> <span class='ocrx_word' id='word_1_517' title='bbox 1417 2816 1444 2848; x_wconf 85' lang='grc' dir='ltr'>δ’</span> <span class='ocrx_word' id='word_1_518' title='bbox 1467 2816 1588 2858; x_wconf 79' lang='grc' dir='ltr'>ἔφησεν</span> <span class='ocrx_word' id='word_1_519' title='bbox 1608 2817 1674 2850; x_wconf 77' lang='lat' dir='ltr'>AL</span> 
     </span>
     <span class='ocr_line' id='line_1_44' title="bbox 224 2869 535 2913; baseline -0.003 -11"><span class='ocrx_word' id='word_1_520' title='bbox 224 2875 237 2910; x_wconf 91' lang='grc'>11</span> <span class='ocrx_word' id='word_1_521' title='bbox 260 2880 300 2913; x_wconf 82' lang='lat'>29</span> <span class='ocrx_word' id='word_1_522' title='bbox 314 2869 491 2906; x_wconf 75' lang='grc' dir='ltr'>ι’ππόβωτος</span> <span class='ocrx_word' id='word_1_523' title='bbox 507 2870 535 2901; x_wconf 94' lang='lat' dir='ltr'>L</span> 
     </span>
    </p>
   </div>
  </div>
 </body>
</html>
