<?xml version="1.0" encoding="UTF-8"?>
<!DOCTYPE html PUBLIC "-//W3C//DTD XHTML 1.0 Transitional//EN"
    "http://www.w3.org/TR/xhtml1/DTD/xhtml1-transitional.dtd">
<html xmlns="http://www.w3.org/1999/xhtml" xml:lang="en" lang="en">
 <head>
  <title>
</title>
<meta http-equiv="Content-Type" content="text/html;charset=utf-8" />
  <meta name='ocr-system' content='tesseract 3.04.00' />
  <meta name='ocr-capabilities' content='ocr_page ocr_carea ocr_par ocr_line ocrx_word'/>
</head>
<body>
  <div class='ocr_page' id='page_1' title='image "./reliquiaerecensu00herauoft_0011.png"; bbox 0 0 1893 3230; ppageno 0'>
   <div class='ocr_carea' id='block_1_1' title="bbox 771 232 1625 277">
    <p class='ocr_par' dir='ltr' id='par_1_1' title="bbox 771 232 1625 277">
     <span class='ocr_line' id='line_1_1' title="bbox 771 232 1625 277; baseline -0.005 -1"><span class='ocrx_word' id='word_1_1' title='bbox 771 247 1011 277; x_wconf 76' lang='lat' dir='ltr'><strong>PRAEFATIO.</strong></span> <span class='ocrx_word' id='word_1_2' title='bbox 1581 232 1625 273; x_wconf 82' lang='lat' dir='ltr'>ix</span> 
     </span>
    </p>
   </div>
   <div class='ocr_carea' id='block_1_2' title="bbox 159 359 1629 2566">
    <p class='ocr_par' dir='ltr' id='par_1_2' title="bbox 159 359 1629 2566">
     <span class='ocr_line' id='line_1_2' title="bbox 163 359 1624 412; baseline -0.003 -13"><span class='ocrx_word' id='word_1_3' title='bbox 163 361 344 401; x_wconf 84' lang='lat' dir='ltr'>Mallotae</span> <span class='ocrx_word' id='word_1_4' title='bbox 363 362 423 401; x_wconf 87' lang='lat' dir='ltr'>vel</span> <span class='ocrx_word' id='word_1_5' title='bbox 450 361 644 401; x_wconf 83' lang='lat' dir='ltr'>aemulum</span> <span class='ocrx_word' id='word_1_6' title='bbox 673 361 733 399; x_wconf 89' lang='lat' dir='ltr'>vel</span> <span class='ocrx_word' id='word_1_7' title='bbox 763 374 810 400; x_wconf 83' lang='lat' dir='ltr'>ex</span> <span class='ocrx_word' id='word_1_8' title='bbox 837 362 967 400; x_wconf 84' lang='lat' dir='ltr'>schola</span> <span class='ocrx_word' id='word_1_9' title='bbox 994 362 1232 412; x_wconf 84' lang='lat' dir='ltr'>profectum:</span> <span class='ocrx_word' id='word_1_10' title='bbox 1264 359 1408 398; x_wconf 87' lang='lat' dir='ltr'>etenim</span> <span class='ocrx_word' id='word_1_11' title='bbox 1434 371 1477 396; x_wconf 88' lang='lat' dir='ltr'>eo</span> <span class='ocrx_word' id='word_1_12' title='bbox 1504 371 1624 408; x_wconf 82' lang='lat' dir='ltr'>usque</span> 
     </span>
     <span class='ocr_line' id='line_1_3' title="bbox 162 423 1626 478; baseline -0.003 -13"><span class='ocrx_word' id='word_1_13' title='bbox 162 427 347 478; x_wconf 86' lang='lat' dir='ltr'>processit</span> <span class='ocrx_word' id='word_1_14' title='bbox 377 427 644 466; x_wconf 84' lang='lat' dir='ltr'>Crateteorum</span> <span class='ocrx_word' id='word_1_15' title='bbox 682 440 841 466; x_wconf 83' lang='lat' dir='ltr'>acumen</span> <span class='ocrx_word' id='word_1_16' title='bbox 880 430 925 465; x_wconf 89' lang='lat' dir='ltr'>ut</span> <span class='ocrx_word' id='word_1_17' title='bbox 961 427 1117 464; x_wconf 85' lang='lat' dir='ltr'>tandem</span> <span class='ocrx_word' id='word_1_18' title='bbox 1156 426 1228 464; x_wconf 89' lang='lat' dir='ltr'>sub</span> <span class='ocrx_word' id='word_1_19' title='bbox 1259 425 1371 474; x_wconf 82' lang='lat' dir='ltr'>virga</span> <span class='ocrx_word' id='word_1_20' title='bbox 1403 423 1626 474; x_wconf 76' lang='lat' dir='ltr'><strong>interpretis</strong></span> 
     </span>
     <span class='ocr_line' id='line_1_4' title="bbox 163 488 1624 542; baseline -0.003 -12"><span class='ocrx_word' id='word_1_21' title='bbox 163 493 331 531; x_wconf 83' lang='lat' dir='ltr'>musicus</span> <span class='ocrx_word' id='word_1_22' title='bbox 368 497 610 531; x_wconf 79' lang='lat' dir='ltr'>astronomus</span> <span class='ocrx_word' id='word_1_23' title='bbox 652 493 877 542; x_wconf 80' lang='lat' dir='ltr'>astrologus,</span> <span class='ocrx_word' id='word_1_24' title='bbox 917 491 1089 530; x_wconf 88' lang='lat' dir='ltr'>omnium</span> <span class='ocrx_word' id='word_1_25' title='bbox 1131 492 1209 529; x_wconf 85' lang='lat' dir='ltr'>fere</span> <span class='ocrx_word' id='word_1_26' title='bbox 1251 490 1393 529; x_wconf 84' lang='lat' dir='ltr'>artium</span> <span class='ocrx_word' id='word_1_27' title='bbox 1432 488 1624 539; x_wconf 85' lang='lat' dir='ltr'>magister,</span> 
     </span>
     <span class='ocr_line' id='line_1_5' title="bbox 161 554 1626 608; baseline -0.005 -13"><span class='ocrx_word' id='word_1_28' title='bbox 161 561 274 608; x_wconf 89' lang='lat' dir='ltr'>poeta</span> <span class='ocrx_word' id='word_1_29' title='bbox 294 558 442 597; x_wconf 85' lang='lat' dir='ltr'>exierit.</span> <span class='ocrx_word' id='word_1_30' title='bbox 490 558 565 597; x_wconf 80' lang='lat' dir='ltr'>Sed</span> <span class='ocrx_word' id='word_1_31' title='bbox 585 560 756 608; x_wconf 72' lang='lat' dir='ltr'>praestat</span> <span class='ocrx_word' id='word_1_32' title='bbox 776 570 819 595; x_wconf 87' lang='lat' dir='ltr'>ea</span> <span class='ocrx_word' id='word_1_33' title='bbox 839 557 971 595; x_wconf 84' lang='lat' dir='ltr'>audire</span> <span class='ocrx_word' id='word_1_34' title='bbox 993 570 1089 607; x_wconf 88' lang='lat' dir='ltr'>quae</span> <span class='ocrx_word' id='word_1_35' title='bbox 1109 557 1158 594; x_wconf 86' lang='lat' dir='ltr'>ad</span> <span class='ocrx_word' id='word_1_36' title='bbox 1178 556 1225 594; x_wconf 89' lang='lat' dir='ltr'>Il.</span> <span class='ocrx_word' id='word_1_37' title='bbox 1245 555 1357 593; x_wconf 85' lang='lat' dir='ltr'>xxiii.</span> <span class='ocrx_word' id='word_1_38' title='bbox 1383 564 1430 604; x_wconf 84' lang='lat'>79</span> <span class='ocrx_word' id='word_1_39' title='bbox 1451 554 1546 605; x_wconf 82' lang='grc' dir='ltr'>(ἀλλ’</span> <span class='ocrx_word' id='word_1_40' title='bbox 1568 555 1626 599; x_wconf 75' lang='grc' dir='ltr'>ἐμὲ</span> 
     </span>
     <span class='ocr_line' id='line_1_6' title="bbox 161 618 1625 672; baseline -0.002 -14"><span class='ocrx_word' id='word_1_41' title='bbox 161 624 223 669; x_wconf 86' lang='grc' dir='ltr'>μὲν</span> <span class='ocrx_word' id='word_1_42' title='bbox 251 625 312 671; x_wconf 85' lang='grc' dir='ltr'>κὴρ</span> <span class='ocrx_word' id='word_1_43' title='bbox 341 625 519 671; x_wconf 82' lang='grc' dir='ltr'>ἀμφέχανε</span> <span class='ocrx_word' id='word_1_44' title='bbox 549 624 708 672; x_wconf 79' lang='grc' dir='ltr'>στυγερή,</span> <span class='ocrx_word' id='word_1_45' title='bbox 742 625 764 670; x_wconf 87' lang='grc' dir='ltr'><em>ἥ</em></span> <span class='ocrx_word' id='word_1_46' title='bbox 795 639 860 671; x_wconf 87' lang='grc' dir='ltr'>περ</span> <span class='ocrx_word' id='word_1_47' title='bbox 894 625 982 670; x_wconf 81' lang='grc' dir='ltr'>λάχε</span> <span class='ocrx_word' id='word_1_48' title='bbox 1010 624 1205 670; x_wconf 85' lang='grc' dir='ltr'>γιγνόμενόν</span> <span class='ocrx_word' id='word_1_49' title='bbox 1232 619 1313 670; x_wconf 86' lang='grc' dir='ltr'>περ)</span> <span class='ocrx_word' id='word_1_50' title='bbox 1348 633 1396 658; x_wconf 81' lang='lat' dir='ltr'>ex</span> <span class='ocrx_word' id='word_1_51' title='bbox 1430 618 1625 657; x_wconf 81' lang='lat' dir='ltr'>Zenodoto</span> 
     </span>
     <span class='ocr_line' id='line_1_7' title="bbox 161 687 1625 734; baseline -0.003 -9"><span class='ocrx_word' id='word_1_52' title='bbox 161 687 324 727; x_wconf 88' lang='lat' dir='ltr'>Mallota</span> <span class='ocrx_word' id='word_1_53' title='bbox 360 689 563 727; x_wconf 79' lang='lat' dir='ltr'>scholiasta</span> <span class='ocrx_word' id='word_1_54' title='bbox 600 693 732 726; x_wconf 85' lang='lat' dir='ltr'>noster</span> <span class='ocrx_word' id='word_1_55' title='bbox 765 688 907 726; x_wconf 88' lang='lat' dir='ltr'>adtulit</span> <span class='ocrx_word' id='word_1_56' title='bbox 921 688 1066 725; x_wconf 75' lang='grc' dir='ltr'>ῑ-ὅθεν</span> <span class='ocrx_word' id='word_1_57' title='bbox 1097 689 1157 734; x_wconf 83' lang='grc' dir='ltr'>μία</span> <span class='ocrx_word' id='word_1_58' title='bbox 1190 691 1257 723; x_wconf 85' lang='grc' dir='ltr'>τῶν</span> <span class='ocrx_word' id='word_1_59' title='bbox 1289 690 1428 733; x_wconf 86' lang='grc' dir='ltr'>Μοιρῶν</span> <span class='ocrx_word' id='word_1_60' title='bbox 1462 687 1625 732; x_wconf 83' lang='grc' dir='ltr'>Λάχεσις.</span> 
     </span>
     <span class='ocr_line' id='line_1_8' title="bbox 160 751 1623 802; baseline -0.004 -11"><span class='ocrx_word' id='word_1_61' title='bbox 160 753 355 802; x_wconf 82' lang='grc' dir='ltr'>παρείληφε</span> <span class='ocrx_word' id='word_1_62' title='bbox 384 756 421 790; x_wconf 80' lang='grc' dir='ltr'>δὲ</span> <span class='ocrx_word' id='word_1_63' title='bbox 450 756 501 791; x_wconf 85' lang='grc' dir='ltr'>ὅτι</span> <span class='ocrx_word' id='word_1_64' title='bbox 534 758 574 799; x_wconf 82' lang='grc' dir='ltr'>τῇ</span> <span class='ocrx_word' id='word_1_65' title='bbox 608 755 742 802; x_wconf 82' lang='grc' dir='ltr'>γενέσει</span> <span class='ocrx_word' id='word_1_66' title='bbox 777 755 1063 790; x_wconf 85' lang='grc' dir='ltr'>συνδιατάσσεται</span> <span class='ocrx_word' id='word_1_67' title='bbox 1095 754 1147 788; x_wconf 85' lang='grc' dir='ltr'>καὶ</span> <span class='ocrx_word' id='word_1_68' title='bbox 1177 755 1195 787; x_wconf 99' lang='lat'><em>6</em></span> <span class='ocrx_word' id='word_1_69' title='bbox 1224 754 1283 797; x_wconf 82' lang='grc' dir='ltr'>τῆς</span> <span class='ocrx_word' id='word_1_70' title='bbox 1309 753 1469 796; x_wconf 82' lang='grc' dir='ltr'>τελευτῆς</span> <span class='ocrx_word' id='word_1_71' title='bbox 1502 751 1623 797; x_wconf 79' lang='grc' dir='ltr'>καιρός.</span> 
     </span>
     <span class='ocr_line' id='line_1_9' title="bbox 160 815 1627 867; baseline -0.003 -12"><span class='ocrx_word' id='word_1_72' title='bbox 160 820 239 856; x_wconf 85' lang='grc' dir='ltr'>ὅθεν</span> <span class='ocrx_word' id='word_1_73' title='bbox 258 821 442 865; x_wconf 85' lang='grc' dir='ltr'>Ζηνόδοτος</span> <span class='ocrx_word' id='word_1_74' title='bbox 461 823 479 855; x_wconf 93' lang='grc' dir='ltr'>ὁ</span> <span class='ocrx_word' id='word_1_75' title='bbox 499 818 702 867; x_wconf 80' lang='grc' dir='ltr'>Κρατήτειος</span> <span class='ocrx_word' id='word_1_76' title='bbox 728 820 937 855; x_wconf 81' lang='grc' dir='ltr'>Χαλδαῖον</span> <span class='ocrx_word' id='word_1_77' title='bbox 964 820 1023 854; x_wconf 85' lang='grc' dir='ltr'>τὸν</span> <span class='ocrx_word' id='word_1_78' title='bbox 1036 818 1189 866; x_wconf 74' lang='grc' dir='ltr'>’Ὅμηρόν</span> <span class='ocrx_word' id='word_1_79' title='bbox 1210 819 1330 864; x_wconf 88' lang='grc' dir='ltr'>φησιν.</span> <span class='ocrx_word' id='word_1_80' title='bbox 1388 815 1627 863; x_wconf 79' lang='lat' dir='ltr'>Quibuscum</span> 
     </span>
     <span class='ocr_line' id='line_1_10' title="bbox 160 879 1626 936; baseline -0.004 -14"><span class='ocrx_word' id='word_1_81' title='bbox 160 884 288 922; x_wconf 89' lang='lat' dir='ltr'>confer</span> <span class='ocrx_word' id='word_1_82' title='bbox 306 883 380 923; x_wconf 86' lang='lat' dir='ltr'>ista</span> <span class='ocrx_word' id='word_1_83' title='bbox 401 884 448 936; x_wconf 88' lang='lat' dir='ltr'>(si</span> <span class='ocrx_word' id='word_1_84' title='bbox 468 885 527 923; x_wconf 87' lang='lat' dir='ltr'>dis</span> <span class='ocrx_word' id='word_1_85' title='bbox 546 882 689 935; x_wconf 81' lang='lat' dir='ltr'>placet)</span> <span class='ocrx_word' id='word_1_86' title='bbox 710 883 946 930; x_wconf 85' lang='lat' dir='ltr'>Heraclitea,</span> <span class='ocrx_word' id='word_1_87' title='bbox 965 883 1072 920; x_wconf 89' lang='lat' dir='ltr'>vides</span> <span class='ocrx_word' id='word_1_88' title='bbox 1097 882 1268 932; x_wconf 89' lang='lat' dir='ltr'>profecto</span> <span class='ocrx_word' id='word_1_89' title='bbox 1293 894 1374 918; x_wconf 89' lang='lat' dir='ltr'>esse</span> <span class='ocrx_word' id='word_1_90' title='bbox 1399 881 1502 918; x_wconf 89' lang='lat' dir='ltr'>locos</span> <span class='ocrx_word' id='word_1_91' title='bbox 1523 879 1626 916; x_wconf 85' lang='lat' dir='ltr'>inter</span> 
     </span>
     <span class='ocr_line' id='line_1_11' title="bbox 160 946 1627 999; baseline -0.004 -12"><span class='ocrx_word' id='word_1_92' title='bbox 160 962 200 987; x_wconf 83' lang='lat' dir='ltr'>se</span> <span class='ocrx_word' id='word_1_93' title='bbox 220 963 339 999; x_wconf 88' lang='lat' dir='ltr'>pares,</span> <span class='ocrx_word' id='word_1_94' title='bbox 361 963 403 988; x_wconf 86' lang='lat' dir='ltr'>ea</span> <span class='ocrx_word' id='word_1_95' title='bbox 429 950 707 988; x_wconf 74' lang='lat' dir='ltr'>necessitudine</span> <span class='ocrx_word' id='word_1_96' title='bbox 735 949 958 987; x_wconf 87' lang='lat' dir='ltr'>coniunctos</span> <span class='ocrx_word' id='word_1_97' title='bbox 980 962 1077 998; x_wconf 88' lang='lat' dir='ltr'>quae</span> <span class='ocrx_word' id='word_1_98' title='bbox 1098 948 1129 985; x_wconf 90' lang='lat' dir='ltr'>si</span> <span class='ocrx_word' id='word_1_99' title='bbox 1149 961 1226 985; x_wconf 89' lang='lat' dir='ltr'>non</span> <span class='ocrx_word' id='word_1_100' title='bbox 1247 946 1411 984; x_wconf 90' lang='lat' dir='ltr'>eundem</span> <span class='ocrx_word' id='word_1_101' title='bbox 1429 948 1627 982; x_wconf 75' lang='lat' dir='ltr'>auctorem</span> 
     </span>
     <span class='ocr_line' id='line_1_12' title="bbox 161 1009 1626 1063; baseline -0.005 -10"><span class='ocrx_word' id='word_1_102' title='bbox 161 1017 203 1052; x_wconf 83' lang='lat' dir='ltr'>at</span> <span class='ocrx_word' id='word_1_103' title='bbox 225 1019 326 1053; x_wconf 85' lang='lat' dir='ltr'>certe</span> <span class='ocrx_word' id='word_1_104' title='bbox 352 1015 512 1053; x_wconf 88' lang='lat' dir='ltr'>eandem</span> <span class='ocrx_word' id='word_1_105' title='bbox 538 1020 576 1053; x_wconf 86' lang='lat' dir='ltr'>et</span> <span class='ocrx_word' id='word_1_106' title='bbox 602 1017 769 1053; x_wconf 86' lang='lat' dir='ltr'>aetatem</span> <span class='ocrx_word' id='word_1_107' title='bbox 799 1017 837 1052; x_wconf 90' lang='lat' dir='ltr'>et</span> <span class='ocrx_word' id='word_1_108' title='bbox 866 1013 1107 1063; x_wconf 80' lang='lat' dir='ltr'>disciplinam</span> <span class='ocrx_word' id='word_1_109' title='bbox 1128 1015 1288 1062; x_wconf 84' lang='lat' dir='ltr'>arguat:</span> <span class='ocrx_word' id='word_1_110' title='bbox 1320 1011 1421 1049; x_wconf 87' lang='lat' dir='ltr'>unde</span> <span class='ocrx_word' id='word_1_111' title='bbox 1442 1009 1626 1048; x_wconf 84' lang='lat' dir='ltr'>concludo</span> 
     </span>
     <span class='ocr_line' id='line_1_13' title="bbox 161 1074 1625 1127; baseline -0.005 -10"><span class='ocrx_word' id='word_1_112' title='bbox 161 1078 276 1118; x_wconf 88' lang='lat' dir='ltr'>etiam</span> <span class='ocrx_word' id='word_1_113' title='bbox 309 1079 350 1117; x_wconf 86' lang='lat' dir='ltr'>in</span> <span class='ocrx_word' id='word_1_114' title='bbox 380 1080 524 1117; x_wconf 90' lang='lat' dir='ltr'>scholio</span> <span class='ocrx_word' id='word_1_115' title='bbox 557 1081 605 1118; x_wconf 87' lang='lat' dir='ltr'>ad</span> <span class='ocrx_word' id='word_1_116' title='bbox 632 1081 679 1118; x_wconf 85' lang='grc' dir='ltr'>ΙΙ.</span> <span class='ocrx_word' id='word_1_117' title='bbox 706 1079 813 1117; x_wconf 82' lang='lat' dir='ltr'>xviii.</span> <span class='ocrx_word' id='word_1_118' title='bbox 840 1089 913 1127; x_wconf 87' lang='lat'>251</span> <span class='ocrx_word' id='word_1_119' title='bbox 938 1078 1160 1116; x_wconf 77' lang='lat' dir='ltr'>recentioris</span> <span class='ocrx_word' id='word_1_120' title='bbox 1191 1077 1274 1114; x_wconf 89' lang='lat' dir='ltr'>aevi</span> <span class='ocrx_word' id='word_1_121' title='bbox 1309 1075 1474 1125; x_wconf 88' lang='lat' dir='ltr'>ineptias</span> <span class='ocrx_word' id='word_1_122' title='bbox 1507 1074 1625 1111; x_wconf 86' lang='lat' dir='ltr'>inter-</span> 
     </span>
     <span class='ocr_line' id='line_1_14' title="bbox 159 1141 1624 1196; baseline -0.003 -15"><span class='ocrx_word' id='word_1_123' title='bbox 159 1147 306 1193; x_wconf 89' lang='lat' dir='ltr'>pretem</span> <span class='ocrx_word' id='word_1_124' title='bbox 326 1146 536 1192; x_wconf 79' lang='lat' dir='ltr'>venditare,</span> <span class='ocrx_word' id='word_1_125' title='bbox 558 1159 627 1184; x_wconf 85' lang='lat' dir='ltr'>nec</span> <span class='ocrx_word' id='word_1_126' title='bbox 647 1145 922 1196; x_wconf 89' lang='lat' dir='ltr'>philosophum</span> <span class='ocrx_word' id='word_1_127' title='bbox 943 1157 1056 1182; x_wconf 87' lang='lat' dir='ltr'>cerno</span> <span class='ocrx_word' id='word_1_128' title='bbox 1082 1143 1147 1181; x_wconf 90' lang='lat' dir='ltr'>sed</span> <span class='ocrx_word' id='word_1_129' title='bbox 1167 1141 1465 1192; x_wconf 84' lang='lat' dir='ltr'>grammaticum</span> <span class='ocrx_word' id='word_1_130' title='bbox 1486 1153 1624 1189; x_wconf 87' lang='lat' dir='ltr'>aequa-</span> 
     </span>
     <span class='ocr_line' id='line_1_15' title="bbox 160 1206 1627 1260; baseline -0.003 -14"><span class='ocrx_word' id='word_1_131' title='bbox 160 1209 236 1246; x_wconf 90' lang='lat' dir='ltr'>lem</span> <span class='ocrx_word' id='word_1_132' title='bbox 257 1214 294 1247; x_wconf 88' lang='lat' dir='ltr'>et</span> <span class='ocrx_word' id='word_1_133' title='bbox 309 1223 428 1260; x_wconf 83' lang='lat' dir='ltr'>paene</span> <span class='ocrx_word' id='word_1_134' title='bbox 444 1211 649 1260; x_wconf 81' lang='lat' dir='ltr'>gemellum</span> <span class='ocrx_word' id='word_1_135' title='bbox 664 1210 860 1248; x_wconf 86' lang='lat' dir='ltr'>Zenodoti.</span> <span class='ocrx_word' id='word_1_136' title='bbox 890 1209 947 1246; x_wconf 86' lang='lat' dir='ltr'>Ac</span> <span class='ocrx_word' id='word_1_137' title='bbox 963 1209 1036 1246; x_wconf 87' lang='lat' dir='ltr'>nisi</span> <span class='ocrx_word' id='word_1_138' title='bbox 1051 1209 1151 1246; x_wconf 85' lang='lat' dir='ltr'>forte</span> <span class='ocrx_word' id='word_1_139' title='bbox 1170 1207 1280 1245; x_wconf 85' lang='lat' dir='ltr'>malis</span> <span class='ocrx_word' id='word_1_140' title='bbox 1295 1207 1359 1243; x_wconf 87' lang='lat' dir='ltr'>hic</span> <span class='ocrx_word' id='word_1_141' title='bbox 1378 1206 1627 1256; x_wconf 84' lang='lat' dir='ltr'>allegoretam</span> 
     </span>
     <span class='ocr_line' id='line_1_16' title="bbox 162 1270 1626 1327; baseline -0.003 -15"><span class='ocrx_word' id='word_1_142' title='bbox 162 1273 405 1313; x_wconf 85' lang='lat' dir='ltr'>Heraclitum</span> <span class='ocrx_word' id='word_1_143' title='bbox 425 1276 622 1326; x_wconf 84' lang='lat' dir='ltr'>dispicere,</span> <span class='ocrx_word' id='word_1_144' title='bbox 644 1290 718 1327; x_wconf 91' lang='lat' dir='ltr'>quo</span> <span class='ocrx_word' id='word_1_145' title='bbox 739 1275 875 1312; x_wconf 88' lang='lat' dir='ltr'>Zelleri</span> <span class='ocrx_word' id='word_1_146' title='bbox 895 1274 1024 1324; x_wconf 87' lang='lat' dir='ltr'>opinio</span> <span class='ocrx_word' id='word_1_147' title='bbox 1043 1273 1227 1311; x_wconf 88' lang='lat' dir='ltr'>inclinare</span> <span class='ocrx_word' id='word_1_148' title='bbox 1247 1272 1401 1311; x_wconf 78' lang='lat' dir='ltr'>videtur</span> <span class='ocrx_word' id='word_1_149' title='bbox 1422 1271 1536 1323; x_wconf 85' lang='lat' dir='ltr'>(Phil.</span> <span class='ocrx_word' id='word_1_150' title='bbox 1559 1270 1626 1308; x_wconf 84' lang='lat' dir='ltr'>Gr.</span> 
     </span>
     <span class='ocr_line' id='line_1_17' title="bbox 161 1336 1626 1392; baseline -0.003 -16"><span class='ocrx_word' id='word_1_151' title='bbox 161 1339 186 1377; x_wconf 86' lang='lat' dir='ltr'>i.</span> <span class='ocrx_word' id='word_1_152' title='bbox 213 1353 251 1390; x_wconf 89' lang='lat' dir='ltr'>p.</span> <span class='ocrx_word' id='word_1_153' title='bbox 274 1342 350 1389; x_wconf 90' lang='lat'>665</span> <span class='ocrx_word' id='word_1_154' title='bbox 379 1341 436 1379; x_wconf 89' lang='lat' dir='ltr'>ed.</span> <span class='ocrx_word' id='word_1_155' title='bbox 459 1340 618 1392; x_wconf 70' lang='lat' dir='ltr'>quart),</span> <span class='ocrx_word' id='word_1_156' title='bbox 648 1340 792 1392; x_wconf 89' lang='lat' dir='ltr'>poteris</span> <span class='ocrx_word' id='word_1_157' title='bbox 820 1340 980 1378; x_wconf 86' lang='lat' dir='ltr'>fortasse</span> <span class='ocrx_word' id='word_1_158' title='bbox 1009 1352 1158 1377; x_wconf 88' lang='lat' dir='ltr'>mecum</span> <span class='ocrx_word' id='word_1_159' title='bbox 1188 1351 1234 1376; x_wconf 79' lang='lat' dir='ltr'>ex</span> <span class='ocrx_word' id='word_1_160' title='bbox 1263 1338 1379 1375; x_wconf 88' lang='lat' dir='ltr'>turba</span> <span class='ocrx_word' id='word_1_161' title='bbox 1401 1336 1626 1386; x_wconf 78' lang='lat' dir='ltr'>grammati-</span> 
     </span>
     <span class='ocr_line' id='line_1_18' title="bbox 161 1401 1628 1445; baseline -0.003 -3"><span class='ocrx_word' id='word_1_162' title='bbox 161 1418 292 1443; x_wconf 88' lang='lat' dir='ltr'>corum</span> <span class='ocrx_word' id='word_1_163' title='bbox 315 1405 564 1445; x_wconf 81' lang='lat' dir='ltr'>Heraclidem</span> <span class='ocrx_word' id='word_1_164' title='bbox 592 1420 769 1445; x_wconf 81' lang='lat' dir='ltr'>revocare</span> <span class='ocrx_word' id='word_1_165' title='bbox 799 1420 887 1445; x_wconf 90' lang='lat' dir='ltr'>eum</span> <span class='ocrx_word' id='word_1_166' title='bbox 913 1405 992 1444; x_wconf 80' lang='lat' dir='ltr'>sive</span> <span class='ocrx_word' id='word_1_167' title='bbox 1011 1403 1321 1443; x_wconf 84' lang='lat' dir='ltr'>Alexandrinum</span> <span class='ocrx_word' id='word_1_168' title='bbox 1342 1416 1409 1441; x_wconf 94' lang='lat' dir='ltr'>seu</span> <span class='ocrx_word' id='word_1_169' title='bbox 1429 1401 1628 1439; x_wconf 81' lang='lat' dir='ltr'>Milesium</span> 
     </span>
     <span class='ocr_line' id='line_1_19' title="bbox 161 1466 1628 1523; baseline -0.004 -15"><span class='ocrx_word' id='word_1_170' title='bbox 161 1470 240 1520; x_wconf 90' lang='lat' dir='ltr'>qui,</span> <span class='ocrx_word' id='word_1_171' title='bbox 268 1474 314 1509; x_wconf 87' lang='lat' dir='ltr'>ut</span> <span class='ocrx_word' id='word_1_172' title='bbox 341 1474 506 1510; x_wconf 87' lang='lat' dir='ltr'>testatur</span> <span class='ocrx_word' id='word_1_173' title='bbox 534 1472 765 1510; x_wconf 89' lang='lat' dir='ltr'>Eustathius</span> <span class='ocrx_word' id='word_1_174' title='bbox 794 1472 847 1523; x_wconf 91' lang='lat' dir='ltr'>(p.</span> <span class='ocrx_word' id='word_1_175' title='bbox 875 1480 963 1520; x_wconf 77' lang='lat'>705,</span> <span class='ocrx_word' id='word_1_176' title='bbox 993 1468 1073 1519; x_wconf 90' lang='lat'>60),</span> <span class='ocrx_word' id='word_1_177' title='bbox 1108 1468 1254 1519; x_wconf 89' lang='lat' dir='ltr'>Apioni</span> <span class='ocrx_word' id='word_1_178' title='bbox 1284 1466 1558 1517; x_wconf 81' lang='lat' dir='ltr'>glossographo</span> <span class='ocrx_word' id='word_1_179' title='bbox 1587 1466 1628 1503; x_wconf 91' lang='lat' dir='ltr'>in</span> 
     </span>
     <span class='ocr_line' id='line_1_20' title="bbox 162 1534 1628 1587; baseline -0.002 -16"><span class='ocrx_word' id='word_1_180' title='bbox 162 1535 339 1574; x_wconf 88' lang='lat' dir='ltr'>manibus</span> <span class='ocrx_word' id='word_1_181' title='bbox 367 1537 444 1574; x_wconf 78' lang='lat' dir='ltr'>fuit</span> <span class='ocrx_word' id='word_1_182' title='bbox 459 1551 469 1584; x_wconf 77' lang='lat'><em>3</em></span> <span class='ocrx_word' id='word_1_183' title='bbox 509 1536 659 1587; x_wconf 86' lang='lat' dir='ltr'>Apioni</span> <span class='ocrx_word' id='word_1_184' title='bbox 688 1542 817 1575; x_wconf 89' lang='lat' dir='ltr'>autem</span> <span class='ocrx_word' id='word_1_185' title='bbox 847 1539 984 1574; x_wconf 83' lang='lat' dir='ltr'>cuncta</span> <span class='ocrx_word' id='word_1_186' title='bbox 1012 1535 1103 1572; x_wconf 83' lang='lat' dir='ltr'>haec</span> <span class='ocrx_word' id='word_1_187' title='bbox 1132 1535 1179 1572; x_wconf 90' lang='lat' dir='ltr'>de</span> <span class='ocrx_word' id='word_1_188' title='bbox 1209 1534 1380 1571; x_wconf 86' lang='lat' dir='ltr'>Homero</span> <span class='ocrx_word' id='word_1_189' title='bbox 1409 1537 1628 1570; x_wconf 83' lang='lat' dir='ltr'>astronomo</span> 
     </span>
     <span class='ocr_line' id='line_1_21' title="bbox 161 1599 1629 1652; baseline -0.003 -14"><span class='ocrx_word' id='word_1_190' title='bbox 161 1601 352 1652; x_wconf 82' lang='lat' dir='ltr'>astrologo</span> <span class='ocrx_word' id='word_1_191' title='bbox 373 1602 563 1641; x_wconf 83' lang='lat' dir='ltr'>Chaldaeo</span> <span class='ocrx_word' id='word_1_192' title='bbox 584 1603 688 1652; x_wconf 87' lang='lat' dir='ltr'>apud</span> <span class='ocrx_word' id='word_1_193' title='bbox 713 1602 874 1640; x_wconf 87' lang='lat' dir='ltr'>seriores</span> <span class='ocrx_word' id='word_1_194' title='bbox 900 1605 1050 1639; x_wconf 86' lang='lat' dir='ltr'>servata</span> <span class='ocrx_word' id='word_1_195' title='bbox 1073 1600 1215 1638; x_wconf 85' lang='lat' dir='ltr'>referre</span> <span class='ocrx_word' id='word_1_196' title='bbox 1235 1599 1560 1636; x_wconf 86' lang='lat' dir='ltr'>velim—rectene</span> <span class='ocrx_word' id='word_1_197' title='bbox 1579 1610 1629 1634; x_wconf 87' lang='lat' dir='ltr'>an</span> 
     </span>
     <span class='ocr_line' id='line_1_22' title="bbox 163 1662 1628 1717; baseline -0.003 -14"><span class='ocrx_word' id='word_1_198' title='bbox 163 1677 270 1704; x_wconf 80' lang='lat' dir='ltr'>secus</span> <span class='ocrx_word' id='word_1_199' title='bbox 303 1679 418 1715; x_wconf 88' lang='lat' dir='ltr'>penes</span> <span class='ocrx_word' id='word_1_200' title='bbox 451 1667 652 1717; x_wconf 87' lang='lat' dir='ltr'>peritiores</span> <span class='ocrx_word' id='word_1_201' title='bbox 689 1667 893 1706; x_wconf 81' lang='lat' dir='ltr'>arbitrium</span> <span class='ocrx_word' id='word_1_202' title='bbox 906 1667 931 1703; x_wconf 87' lang='lat'>⁰.</span> <span class='ocrx_word' id='word_1_203' title='bbox 988 1666 1128 1715; x_wconf 87' lang='lat' dir='ltr'>Itaque</span> <span class='ocrx_word' id='word_1_204' title='bbox 1166 1677 1306 1702; x_wconf 90' lang='lat' dir='ltr'>nomen</span> <span class='ocrx_word' id='word_1_205' title='bbox 1340 1667 1385 1701; x_wconf 91' lang='lat' dir='ltr'>ut</span> <span class='ocrx_word' id='word_1_206' title='bbox 1422 1662 1462 1699; x_wconf 89' lang='lat' dir='ltr'>in</span> <span class='ocrx_word' id='word_1_207' title='bbox 1501 1662 1628 1699; x_wconf 90' lang='lat' dir='ltr'>medio</span> 
     </span>
     <span class='ocr_line' id='line_1_23' title="bbox 162 1730 1629 1782; baseline -0.002 -15"><span class='ocrx_word' id='word_1_208' title='bbox 162 1730 336 1781; x_wconf 88' lang='lat' dir='ltr'>relinquo</span> <span class='ocrx_word' id='word_1_209' title='bbox 356 1731 410 1769; x_wconf 89' lang='lat' dir='ltr'>sic</span> <span class='ocrx_word' id='word_1_210' title='bbox 428 1732 669 1782; x_wconf 68' lang='lat' dir='ltr'>grammatici</span> <span class='ocrx_word' id='word_1_211' title='bbox 689 1746 769 1770; x_wconf 88' lang='lat' dir='ltr'>esse</span> <span class='ocrx_word' id='word_1_212' title='bbox 793 1733 985 1770; x_wconf 85' lang='lat' dir='ltr'>adsevero.</span> <span class='ocrx_word' id='word_1_213' title='bbox 1036 1730 1112 1769; x_wconf 79' lang='lat' dir='ltr'>Sed</span> <span class='ocrx_word' id='word_1_214' title='bbox 1132 1730 1180 1767; x_wconf 88' lang='lat' dir='ltr'>ab</span> <span class='ocrx_word' id='word_1_215' title='bbox 1201 1730 1370 1767; x_wconf 89' lang='lat' dir='ltr'>Homero</span> <span class='ocrx_word' id='word_1_216' title='bbox 1390 1732 1629 1766; x_wconf 84' lang='lat' dir='ltr'>revertamur</span> 
     </span>
     <span class='ocr_line' id='line_1_24' title="bbox 163 1792 1627 1845; baseline -0.002 -12"><span class='ocrx_word' id='word_1_217' title='bbox 163 1796 211 1833; x_wconf 85' lang='lat' dir='ltr'>ad</span> <span class='ocrx_word' id='word_1_218' title='bbox 230 1799 386 1834; x_wconf 89' lang='lat' dir='ltr'>nostra:</span> <span class='ocrx_word' id='word_1_219' title='bbox 417 1810 507 1835; x_wconf 89' lang='lat' dir='ltr'>nam</span> <span class='ocrx_word' id='word_1_220' title='bbox 536 1798 701 1835; x_wconf 87' lang='lat' dir='ltr'>alterum</span> <span class='ocrx_word' id='word_1_221' title='bbox 729 1797 923 1844; x_wconf 85' lang='lat' dir='ltr'>habemus,</span> <span class='ocrx_word' id='word_1_222' title='bbox 945 1800 990 1835; x_wconf 91' lang='lat' dir='ltr'>ut</span> <span class='ocrx_word' id='word_1_223' title='bbox 1019 1795 1194 1845; x_wconf 86' lang='lat' dir='ltr'>superius</span> <span class='ocrx_word' id='word_1_224' title='bbox 1222 1794 1315 1840; x_wconf 83' lang='lat' dir='ltr'>dixi,</span> <span class='ocrx_word' id='word_1_225' title='bbox 1336 1792 1627 1843; x_wconf 84' lang='lat' dir='ltr'>disceptationis</span> 
     </span>
     <span class='ocr_line' id='line_1_25' title="bbox 161 1859 1629 1913; baseline -0.003 -14"><span class='ocrx_word' id='word_1_226' title='bbox 161 1875 292 1912; x_wconf 87' lang='lat' dir='ltr'>genus,</span> <span class='ocrx_word' id='word_1_227' title='bbox 315 1862 418 1912; x_wconf 85' lang='lat' dir='ltr'>quod</span> <span class='ocrx_word' id='word_1_228' title='bbox 448 1867 505 1900; x_wconf 89' lang='lat' dir='ltr'>est</span> <span class='ocrx_word' id='word_1_229' title='bbox 534 1863 581 1900; x_wconf 90' lang='lat' dir='ltr'>de</span> <span class='ocrx_word' id='word_1_230' title='bbox 609 1863 861 1913; x_wconf 86' lang='lat' dir='ltr'>reliquiarum</span> <span class='ocrx_word' id='word_1_231' title='bbox 890 1863 1021 1900; x_wconf 87' lang='lat' dir='ltr'>forma.</span> <span class='ocrx_word' id='word_1_232' title='bbox 1078 1861 1137 1898; x_wconf 91' lang='lat' dir='ltr'>De</span> <span class='ocrx_word' id='word_1_233' title='bbox 1166 1860 1289 1897; x_wconf 88' lang='lat' dir='ltr'>forma</span> <span class='ocrx_word' id='word_1_234' title='bbox 1318 1859 1629 1896; x_wconf 85' lang='lat' dir='ltr'>Heracliteorum</span> 
     </span>
     <span class='ocr_line' id='line_1_26' title="bbox 162 1923 1629 1980; baseline -0.003 -16"><span class='ocrx_word' id='word_1_235' title='bbox 162 1927 375 1978; x_wconf 89' lang='lat' dir='ltr'>disceptare</span> <span class='ocrx_word' id='word_1_236' title='bbox 394 1928 483 1966; x_wconf 91' lang='lat' dir='ltr'>licet</span> <span class='ocrx_word' id='word_1_237' title='bbox 503 1927 562 1980; x_wconf 92' lang='lat'>(1)</span> <span class='ocrx_word' id='word_1_238' title='bbox 583 1928 615 1966; x_wconf 91' lang='lat' dir='ltr'>si</span> <span class='ocrx_word' id='word_1_239' title='bbox 636 1928 854 1979; x_wconf 85' lang='lat' dir='ltr'>discrepant</span> <span class='ocrx_word' id='word_1_240' title='bbox 874 1928 976 1966; x_wconf 87' lang='lat' dir='ltr'>inter</span> <span class='ocrx_word' id='word_1_241' title='bbox 996 1940 1035 1965; x_wconf 88' lang='lat' dir='ltr'>se</span> <span class='ocrx_word' id='word_1_242' title='bbox 1054 1926 1111 1964; x_wconf 88' lang='lat' dir='ltr'>rei</span> <span class='ocrx_word' id='word_1_243' title='bbox 1131 1930 1317 1971; x_wconf 81' lang='lat' dir='ltr'>auctores,</span> <span class='ocrx_word' id='word_1_244' title='bbox 1340 1923 1398 1976; x_wconf 89' lang='lat'>(2)</span> <span class='ocrx_word' id='word_1_245' title='bbox 1420 1924 1451 1962; x_wconf 86' lang='lat' dir='ltr'>si</span> <span class='ocrx_word' id='word_1_246' title='bbox 1478 1924 1519 1961; x_wconf 90' lang='lat' dir='ltr'>in</span> <span class='ocrx_word' id='word_1_247' title='bbox 1544 1923 1629 1974; x_wconf 89' lang='lat' dir='ltr'>ipsa</span> 
     </span>
     <span class='ocr_line' id='line_1_27' title="bbox 162 1989 1628 2044; baseline -0.003 -14"><span class='ocrx_word' id='word_1_248' title='bbox 162 2005 204 2030; x_wconf 87' lang='lat' dir='ltr'>re</span> <span class='ocrx_word' id='word_1_249' title='bbox 237 1993 449 2031; x_wconf 87' lang='lat' dir='ltr'>Ionismum</span> <span class='ocrx_word' id='word_1_250' title='bbox 483 1993 666 2044; x_wconf 81' lang='lat' dir='ltr'>requiras,</span> <span class='ocrx_word' id='word_1_251' title='bbox 701 1994 734 2031; x_wconf 90' lang='lat' dir='ltr'>si</span> <span class='ocrx_word' id='word_1_252' title='bbox 767 1994 899 2031; x_wconf 88' lang='lat' dir='ltr'>stilum</span> <span class='ocrx_word' id='word_1_253' title='bbox 933 1992 1057 2044; x_wconf 86' lang='lat' dir='ltr'>ipsius</span> <span class='ocrx_word' id='word_1_254' title='bbox 1090 2005 1132 2029; x_wconf 88' lang='lat' dir='ltr'>ac</span> <span class='ocrx_word' id='word_1_255' title='bbox 1168 1991 1334 2029; x_wconf 89' lang='lat' dir='ltr'>colorem</span> <span class='ocrx_word' id='word_1_256' title='bbox 1363 1990 1566 2036; x_wconf 86' lang='lat' dir='ltr'>desideres,</span> <span class='ocrx_word' id='word_1_257' title='bbox 1595 1989 1628 2027; x_wconf 91' lang='lat' dir='ltr'>si</span> 
     </span>
     <span class='ocr_line' id='line_1_28' title="bbox 162 2047 1628 2110; baseline -0.003 -14"><span class='ocrx_word' id='word_1_258' title='bbox 162 2059 392 2097; x_wconf 80' lang='lat' dir='ltr'>sententiam</span> <span class='ocrx_word' id='word_1_259' title='bbox 419 2064 640 2098; x_wconf 87' lang='lat' dir='ltr'>enervatam</span> <span class='ocrx_word' id='word_1_260' title='bbox 659 2060 727 2097; x_wconf 80' lang='lat' dir='ltr'>vix</span> <span class='ocrx_word' id='word_1_261' title='bbox 753 2047 960 2110; x_wconf 79' lang='lat' dir='ltr'>agnoscas3</span> <span class='ocrx_word' id='word_1_262' title='bbox 991 2071 1088 2108; x_wconf 90' lang='lat' dir='ltr'>quae</span> <span class='ocrx_word' id='word_1_263' title='bbox 1115 2061 1206 2095; x_wconf 90' lang='lat' dir='ltr'>sunt</span> <span class='ocrx_word' id='word_1_264' title='bbox 1232 2057 1401 2094; x_wconf 86' lang='lat' dir='ltr'>incertae</span> <span class='ocrx_word' id='word_1_265' title='bbox 1427 2069 1470 2093; x_wconf 90' lang='lat' dir='ltr'>ac</span> <span class='ocrx_word' id='word_1_266' title='bbox 1489 2069 1628 2106; x_wconf 88' lang='lat' dir='ltr'>parum</span> 
     </span>
     <span class='ocr_line' id='line_1_29' title="bbox 162 2121 1627 2174; baseline -0.003 -13"><span class='ocrx_word' id='word_1_267' title='bbox 162 2123 260 2161; x_wconf 88' lang='lat' dir='ltr'>fida-e</span> <span class='ocrx_word' id='word_1_268' title='bbox 279 2137 406 2161; x_wconf 89' lang='lat' dir='ltr'>rerum</span> <span class='ocrx_word' id='word_1_269' title='bbox 427 2124 646 2162; x_wconf 86' lang='lat' dir='ltr'>traditionis</span> <span class='ocrx_word' id='word_1_270' title='bbox 667 2129 863 2174; x_wconf 88' lang='lat' dir='ltr'>comperta</span> <span class='ocrx_word' id='word_1_271' title='bbox 883 2123 1036 2161; x_wconf 86' lang='lat' dir='ltr'>indicia.</span> <span class='ocrx_word' id='word_1_272' title='bbox 1094 2123 1147 2161; x_wconf 90' lang='lat' dir='ltr'>Et</span> <span class='ocrx_word' id='word_1_273' title='bbox 1173 2122 1357 2173; x_wconf 89' lang='lat' dir='ltr'>quoniam</span> <span class='ocrx_word' id='word_1_274' title='bbox 1377 2121 1473 2159; x_wconf 79' lang='lat' dir='ltr'>vitia</span> <span class='ocrx_word' id='word_1_275' title='bbox 1496 2121 1627 2158; x_wconf 86' lang='lat' dir='ltr'>huius-</span> 
     </span>
     <span class='ocr_line' id='line_1_30' title="bbox 162 2186 1629 2237; baseline -0.002 -11"><span class='ocrx_word' id='word_1_276' title='bbox 162 2188 267 2226; x_wconf 90' lang='lat' dir='ltr'>modi</span> <span class='ocrx_word' id='word_1_277' title='bbox 295 2202 371 2227; x_wconf 92' lang='lat' dir='ltr'>non</span> <span class='ocrx_word' id='word_1_278' title='bbox 395 2203 481 2227; x_wconf 88' lang='lat' dir='ltr'>raro</span> <span class='ocrx_word' id='word_1_279' title='bbox 509 2190 548 2226; x_wconf 88' lang='lat' dir='ltr'>in</span> <span class='ocrx_word' id='word_1_280' title='bbox 579 2189 809 2228; x_wconf 88' lang='lat' dir='ltr'>Heracliteis</span> <span class='ocrx_word' id='word_1_281' title='bbox 833 2193 1050 2235; x_wconf 89' lang='lat' dir='ltr'>occurrunt,</span> <span class='ocrx_word' id='word_1_282' title='bbox 1069 2188 1165 2226; x_wconf 87' lang='lat' dir='ltr'>libet</span> <span class='ocrx_word' id='word_1_283' title='bbox 1192 2188 1308 2225; x_wconf 89' lang='lat' dir='ltr'>altius</span> <span class='ocrx_word' id='word_1_284' title='bbox 1337 2186 1561 2237; x_wconf 84' lang='lat' dir='ltr'>perquirere</span> <span class='ocrx_word' id='word_1_285' title='bbox 1590 2190 1629 2224; x_wconf 88' lang='lat' dir='ltr'>et</span> 
     </span>
     <span class='ocr_line' id='line_1_31' title="bbox 162 2252 1628 2305; baseline -0.002 -13"><span class='ocrx_word' id='word_1_286' title='bbox 162 2267 315 2292; x_wconf 86' lang='lat' dir='ltr'>causam</span> <span class='ocrx_word' id='word_1_287' title='bbox 334 2255 426 2292; x_wconf 86' lang='lat' dir='ltr'>mali</span> <span class='ocrx_word' id='word_1_288' title='bbox 446 2259 561 2305; x_wconf 89' lang='lat' dir='ltr'>atque</span> <span class='ocrx_word' id='word_1_289' title='bbox 582 2255 768 2305; x_wconf 85' lang='lat' dir='ltr'>originem</span> <span class='ocrx_word' id='word_1_290' title='bbox 792 2268 841 2292; x_wconf 78' lang='lat' dir='ltr'>ex</span> <span class='ocrx_word' id='word_1_291' title='bbox 862 2254 1023 2292; x_wconf 87' lang='lat' dir='ltr'>historia</span> <span class='ocrx_word' id='word_1_292' title='bbox 1042 2253 1097 2291; x_wconf 89' lang='lat' dir='ltr'>rei</span> <span class='ocrx_word' id='word_1_293' title='bbox 1117 2257 1342 2291; x_wconf 88' lang='lat' dir='ltr'>monstrare.</span> <span class='ocrx_word' id='word_1_294' title='bbox 1401 2252 1628 2289; x_wconf 86' lang='lat' dir='ltr'>Deformata</span> 
     </span>
     <span class='ocr_line' id='line_1_32' title="bbox 161 2318 1628 2370; baseline -0.002 -14"><span class='ocrx_word' id='word_1_295' title='bbox 161 2319 284 2370; x_wconf 84' lang='lat' dir='ltr'>igitur</span> <span class='ocrx_word' id='word_1_296' title='bbox 302 2320 461 2358; x_wconf 89' lang='lat' dir='ltr'>tradunt</span> <span class='ocrx_word' id='word_1_297' title='bbox 479 2320 694 2369; x_wconf 83' lang='lat' dir='ltr'>fragmenta</span> <span class='ocrx_word' id='word_1_298' title='bbox 721 2320 836 2357; x_wconf 89' lang='lat' dir='ltr'>etiam</span> <span class='ocrx_word' id='word_1_299' title='bbox 865 2319 1033 2369; x_wconf 88' lang='lat' dir='ltr'>optimae</span> <span class='ocrx_word' id='word_1_300' title='bbox 1062 2318 1200 2356; x_wconf 87' lang='lat' dir='ltr'>aetatis</span> <span class='ocrx_word' id='word_1_301' title='bbox 1226 2318 1442 2368; x_wconf 88' lang='lat' dir='ltr'>scriptores,</span> <span class='ocrx_word' id='word_1_302' title='bbox 1465 2329 1628 2366; x_wconf 87' lang='lat' dir='ltr'>quorum</span> 
     </span>
     <span class='ocr_line' id='line_1_33' title="bbox 162 2382 1628 2435; baseline -0.001 -13"><span class='ocrx_word' id='word_1_303' title='bbox 162 2385 279 2422; x_wconf 90' lang='lat' dir='ltr'>moris</span> <span class='ocrx_word' id='word_1_304' title='bbox 299 2384 377 2423; x_wconf 88' lang='lat' dir='ltr'>fere</span> <span class='ocrx_word' id='word_1_305' title='bbox 397 2385 471 2423; x_wconf 89' lang='lat' dir='ltr'>fuit</span> <span class='ocrx_word' id='word_1_306' title='bbox 495 2385 526 2423; x_wconf 80' lang='lat' dir='ltr'>si</span> <span class='ocrx_word' id='word_1_307' title='bbox 557 2385 650 2435; x_wconf 87' lang='lat' dir='ltr'>quid</span> <span class='ocrx_word' id='word_1_308' title='bbox 679 2385 850 2423; x_wconf 87' lang='lat' dir='ltr'>citabant</span> <span class='ocrx_word' id='word_1_309' title='bbox 874 2384 1142 2423; x_wconf 87' lang='lat' dir='ltr'>circumcidere</span> <span class='ocrx_word' id='word_1_310' title='bbox 1168 2383 1401 2433; x_wconf 87' lang='lat' dir='ltr'>interpolare</span> <span class='ocrx_word' id='word_1_311' title='bbox 1421 2382 1628 2420; x_wconf 89' lang='lat' dir='ltr'>immutare</span> 
     </span>
     <span class='ocr_line' id='line_1_34' title="bbox 161 2447 1628 2501; baseline -0.002 -14"><span class='ocrx_word' id='word_1_312' title='bbox 161 2463 304 2500; x_wconf 91' lang='lat' dir='ltr'>suoque</span> <span class='ocrx_word' id='word_1_313' title='bbox 320 2450 406 2488; x_wconf 82' lang='lat' dir='ltr'>usui</span> <span class='ocrx_word' id='word_1_314' title='bbox 422 2451 705 2489; x_wconf 87' lang='lat' dir='ltr'>accommodare</span> <span class='ocrx_word' id='word_1_315' title='bbox 712 2464 720 2498; x_wconf 89' lang='lat'>;</span> <span class='ocrx_word' id='word_1_316' title='bbox 743 2450 809 2501; x_wconf 90' lang='lat' dir='ltr'>qui</span> <span class='ocrx_word' id='word_1_317' title='bbox 825 2450 983 2488; x_wconf 88' lang='lat' dir='ltr'>liberior</span> <span class='ocrx_word' id='word_1_318' title='bbox 999 2449 1144 2487; x_wconf 85' lang='lat' dir='ltr'>citandi</span> <span class='ocrx_word' id='word_1_319' title='bbox 1161 2462 1242 2486; x_wconf 88' lang='lat' dir='ltr'>mos</span> <span class='ocrx_word' id='word_1_320' title='bbox 1258 2448 1360 2498; x_wconf 86' lang='lat' dir='ltr'>apud</span> <span class='ocrx_word' id='word_1_321' title='bbox 1372 2447 1628 2485; x_wconf 85' lang='lat' dir='ltr'>Aristotelem</span> 
     </span>
     <span class='ocr_line' id='line_1_35' title="bbox 160 2512 1628 2566; baseline -0.002 -14"><span class='ocrx_word' id='word_1_322' title='bbox 160 2515 335 2566; x_wconf 86' lang='lat' dir='ltr'>aliosque</span> <span class='ocrx_word' id='word_1_323' title='bbox 361 2516 502 2566; x_wconf 84' lang='lat' dir='ltr'>passim</span> <span class='ocrx_word' id='word_1_324' title='bbox 528 2516 708 2563; x_wconf 89' lang='lat' dir='ltr'>cernitur,</span> <span class='ocrx_word' id='word_1_325' title='bbox 730 2516 942 2554; x_wconf 86' lang='lat' dir='ltr'>incuriosos</span> <span class='ocrx_word' id='word_1_326' title='bbox 971 2514 1218 2553; x_wconf 86' lang='lat' dir='ltr'>subtiliorum</span> <span class='ocrx_word' id='word_1_327' title='bbox 1245 2526 1399 2552; x_wconf 88' lang='lat' dir='ltr'>sensum</span> <span class='ocrx_word' id='word_1_328' title='bbox 1428 2513 1543 2550; x_wconf 89' lang='lat' dir='ltr'>modo</span> <span class='ocrx_word' id='word_1_329' title='bbox 1572 2512 1628 2550; x_wconf 88' lang='lat' dir='ltr'>rei</span> 
     </span>
    </p>
   </div>
   <div class='ocr_carea' id='block_1_3' title="bbox 162 2653 1631 3010">
    <p class='ocr_par' dir='ltr' id='par_1_3' title="bbox 162 2653 1631 3010">
     <span class='ocr_line' id='line_1_36' title="bbox 206 2653 1630 2699; baseline -0.004 -10"><span class='ocrx_word' id='word_1_330' title='bbox 206 2657 218 2676; x_wconf 78' lang='lat'>⁹</span> <span class='ocrx_word' id='word_1_331' title='bbox 242 2657 295 2689; x_wconf 86' lang='lat' dir='ltr'>Ex</span> <span class='ocrx_word' id='word_1_332' title='bbox 310 2657 442 2699; x_wconf 88' lang='lat' dir='ltr'>Apione</span> <span class='ocrx_word' id='word_1_333' title='bbox 458 2658 578 2689; x_wconf 76' lang='lat' dir='ltr'>hausta.</span> <span class='ocrx_word' id='word_1_334' title='bbox 601 2658 747 2699; x_wconf 88' lang='lat' dir='ltr'>suspicor</span> <span class='ocrx_word' id='word_1_335' title='bbox 763 2669 802 2689; x_wconf 86' lang='lat' dir='ltr'>ea</span> <span class='ocrx_word' id='word_1_336' title='bbox 817 2668 902 2699; x_wconf 84' lang='lat' dir='ltr'>quae</span> <span class='ocrx_word' id='word_1_337' title='bbox 918 2657 958 2689; x_wconf 91' lang='lat' dir='ltr'>de</span> <span class='ocrx_word' id='word_1_338' title='bbox 974 2658 1122 2688; x_wconf 89' lang='lat' dir='ltr'>Homero</span> <span class='ocrx_word' id='word_1_339' title='bbox 1146 2659 1334 2688; x_wconf 87' lang='lat' dir='ltr'>astronomo</span> <span class='ocrx_word' id='word_1_340' title='bbox 1351 2658 1464 2686; x_wconf 85' lang='lat' dir='ltr'>narrat</span> <span class='ocrx_word' id='word_1_341' title='bbox 1480 2653 1630 2685; x_wconf 86' lang='lat' dir='ltr'>Achilles</span> 
     </span>
     <span class='ocr_line' id='line_1_37' title="bbox 162 2707 1630 2751; baseline -0.003 -11"><span class='ocrx_word' id='word_1_342' title='bbox 162 2709 277 2740; x_wconf 85' lang='lat' dir='ltr'>Tatius</span> <span class='ocrx_word' id='word_1_343' title='bbox 301 2709 388 2750; x_wconf 86' lang='lat' dir='ltr'>Isag.</span> <span class='ocrx_word' id='word_1_344' title='bbox 412 2721 443 2751; x_wconf 91' lang='lat' dir='ltr'>p.</span> <span class='ocrx_word' id='word_1_345' title='bbox 475 2718 536 2750; x_wconf 86' lang='lat'>124</span> <span class='ocrx_word' id='word_1_346' title='bbox 562 2710 591 2740; x_wconf 90' lang='lat' dir='ltr'>B</span> <span class='ocrx_word' id='word_1_347' title='bbox 614 2711 732 2741; x_wconf 83' lang='lat' dir='ltr'>Petav.</span> <span class='ocrx_word' id='word_1_348' title='bbox 757 2710 1036 2751; x_wconf 78' lang='lat' dir='ltr'>(=VVachsmuth</span> <span class='ocrx_word' id='word_1_349' title='bbox 1060 2710 1100 2740; x_wconf 88' lang='lat' dir='ltr'>de</span> <span class='ocrx_word' id='word_1_350' title='bbox 1124 2709 1259 2740; x_wconf 79' lang='lat' dir='ltr'>cratete</span> <span class='ocrx_word' id='word_1_351' title='bbox 1284 2707 1427 2739; x_wconf 87' lang='lat' dir='ltr'>Mallota</span> <span class='ocrx_word' id='word_1_352' title='bbox 1449 2717 1481 2748; x_wconf 91' lang='lat' dir='ltr'>p.</span> <span class='ocrx_word' id='word_1_353' title='bbox 1506 2707 1562 2746; x_wconf 89' lang='lat'>40)</span> <span class='ocrx_word' id='word_1_354' title='bbox 1578 2717 1630 2736; x_wconf 87' lang='lat'>:—</span> 
     </span>
     <span class='ocr_line' id='line_1_38' title="bbox 164 2759 1630 2803; baseline -0.002 -13"><span class='ocrx_word' id='word_1_355' title='bbox 164 2760 203 2791; x_wconf 82' lang='grc' dir='ltr'>ἐκ</span> <span class='ocrx_word' id='word_1_356' title='bbox 227 2759 288 2801; x_wconf 82' lang='grc' dir='ltr'>γὰρ</span> <span class='ocrx_word' id='word_1_357' title='bbox 314 2761 437 2792; x_wconf 87' lang='grc' dir='ltr'>τούτων</span> <span class='ocrx_word' id='word_1_358' title='bbox 469 2762 515 2803; x_wconf 81' lang='lat' dir='ltr'>[h.</span> <span class='ocrx_word' id='word_1_359' title='bbox 533 2772 560 2792; x_wconf 86' lang='lat' dir='ltr'>e.</span> <span class='ocrx_word' id='word_1_360' title='bbox 588 2773 628 2793; x_wconf 81' lang='lat' dir='ltr'>ex</span> <span class='ocrx_word' id='word_1_361' title='bbox 656 2762 804 2793; x_wconf 89' lang='lat' dir='ltr'>versibus</span> <span class='ocrx_word' id='word_1_362' title='bbox 835 2761 1032 2803; x_wconf 83' lang='lat' dir='ltr'>quibusdam</span> <span class='ocrx_word' id='word_1_363' title='bbox 1060 2760 1198 2792; x_wconf 88' lang='lat' dir='ltr'>Homeri</span> <span class='ocrx_word' id='word_1_364' title='bbox 1229 2760 1398 2791; x_wconf 82' lang='lat' dir='ltr'>stellarum</span> <span class='ocrx_word' id='word_1_365' title='bbox 1428 2759 1630 2789; x_wconf 86' lang='lat' dir='ltr'>mentionem</span> 
     </span>
     <span class='ocr_line' id='line_1_39' title="bbox 164 2807 1631 2854; baseline -0.003 -10"><span class='ocrx_word' id='word_1_366' title='bbox 164 2813 329 2854; x_wconf 82' lang='lat' dir='ltr'>facientis]</span> <span class='ocrx_word' id='word_1_367' title='bbox 349 2811 406 2843; x_wconf 83' lang='grc' dir='ltr'>τὰς</span> <span class='ocrx_word' id='word_1_368' title='bbox 421 2812 594 2853; x_wconf 74' lang='grc' dir='ltr'>προφάσεις</span> <span class='ocrx_word' id='word_1_369' title='bbox 610 2813 731 2848; x_wconf 84' lang='grc' dir='ltr'>ἔλαβον</span> <span class='ocrx_word' id='word_1_370' title='bbox 748 2814 776 2845; x_wconf 81' lang='grc' dir='ltr'>οῖ</span> <span class='ocrx_word' id='word_1_371' title='bbox 791 2812 928 2854; x_wconf 75' lang='grc' dir='ltr'>ὕστερον</span> <span class='ocrx_word' id='word_1_372' title='bbox 943 2812 1009 2854; x_wconf 81' lang='grc' dir='ltr'>περὶ</span> <span class='ocrx_word' id='word_1_373' title='bbox 1025 2812 1148 2844; x_wconf 80' lang='grc' dir='ltr'>τοῦτων</span> <span class='ocrx_word' id='word_1_374' title='bbox 1163 2810 1491 2853; x_wconf 77' lang='grc' dir='ltr'>πραγματευσάμενοι.</span> <span class='ocrx_word' id='word_1_375' title='bbox 1516 2810 1554 2840; x_wconf 87' lang='grc' dir='ltr'>ὡς</span> <span class='ocrx_word' id='word_1_376' title='bbox 1569 2807 1631 2850; x_wconf 83' lang='grc' dir='ltr'>γὰρ</span> 
     </span>
     <span class='ocr_line' id='line_1_40' title="bbox 164 2861 1631 2907; baseline -0.003 -12"><span class='ocrx_word' id='word_1_377' title='bbox 164 2864 231 2895; x_wconf 76' lang='grc' dir='ltr'>τοῖς</span> <span class='ocrx_word' id='word_1_378' title='bbox 253 2866 414 2905; x_wconf 72' lang='grc' dir='ltr'>τραγικοῖς</span> <span class='ocrx_word' id='word_1_379' title='bbox 437 2865 598 2906; x_wconf 84' lang='grc' dir='ltr'>παρέσχεν</span> <span class='ocrx_word' id='word_1_380' title='bbox 622 2866 770 2907; x_wconf 83' lang='grc' dir='ltr'>ἱστοριῶν</span> <span class='ocrx_word' id='word_1_381' title='bbox 793 2865 944 2907; x_wconf 84' lang='grc' dir='ltr'>ἀφορμάς,</span> <span class='ocrx_word' id='word_1_382' title='bbox 967 2864 1050 2896; x_wconf 79' lang='grc' dir='ltr'>οὕτω</span> <span class='ocrx_word' id='word_1_383' title='bbox 1076 2864 1127 2895; x_wconf 78' lang='grc' dir='ltr'>καὶ</span> <span class='ocrx_word' id='word_1_384' title='bbox 1152 2863 1202 2895; x_wconf 84' lang='grc' dir='ltr'>διὰ</span> <span class='ocrx_word' id='word_1_385' title='bbox 1227 2862 1351 2895; x_wconf 86' lang='grc' dir='ltr'>τούτων</span> <span class='ocrx_word' id='word_1_386' title='bbox 1377 2861 1541 2893; x_wconf 73' lang='grc' dir='ltr'>ὑποθέσεις</span> <span class='ocrx_word' id='word_1_387' title='bbox 1564 2861 1631 2891; x_wconf 85' lang='grc' dir='ltr'>τοΐς</span> 
     </span>
     <span class='ocr_line' id='line_1_41' title="bbox 164 2911 1628 2959; baseline -0.003 -12"><span class='ocrx_word' id='word_1_388' title='bbox 164 2918 234 2956; x_wconf 78' lang='grc' dir='ltr'>περὶ</span> <span class='ocrx_word' id='word_1_389' title='bbox 253 2916 467 2957; x_wconf 72' lang='grc' dir='ltr'>ἀστρολογίας</span> <span class='ocrx_word' id='word_1_390' title='bbox 489 2917 638 2959; x_wconf 73' lang='grc' dir='ltr'>γράψασι.</span> <span class='ocrx_word' id='word_1_391' title='bbox 661 2918 849 2959; x_wconf 80' lang='grc' dir='ltr'>μαρτυροῦσι</span> <span class='ocrx_word' id='word_1_392' title='bbox 875 2916 908 2949; x_wconf 79' lang='grc' dir='ltr'>δὲ</span> <span class='ocrx_word' id='word_1_393' title='bbox 934 2915 1060 2958; x_wconf 85' lang='grc' dir='ltr'>Κράτης</span> <span class='ocrx_word' id='word_1_394' title='bbox 1081 2916 1132 2948; x_wconf 79' lang='grc' dir='ltr'>καὶ</span> <span class='ocrx_word' id='word_1_395' title='bbox 1147 2915 1262 2948; x_wconf 82' lang='grc' dir='ltr'>Ἀπίων</span> <span class='ocrx_word' id='word_1_396' title='bbox 1285 2915 1302 2946; x_wconf 87' lang='grc' dir='ltr'>ὁ</span> <span class='ocrx_word' id='word_1_397' title='bbox 1324 2913 1555 2953; x_wconf 77' lang='grc' dir='ltr'>Πλειστονίκης</span> <span class='ocrx_word' id='word_1_398' title='bbox 1578 2911 1628 2944; x_wconf 78' lang='grc' dir='ltr'>ὅτι</span> 
     </span>
     <span class='ocr_line' id='line_1_42' title="bbox 165 2967 522 3010; baseline 0 -11"><span class='ocrx_word' id='word_1_399' title='bbox 165 2967 360 3009; x_wconf 83' lang='grc' dir='ltr'>ἀστρονόμος</span> <span class='ocrx_word' id='word_1_400' title='bbox 371 2968 522 3010; x_wconf 70' lang='grc' dir='ltr'>“Ὀμηρος.</span> 
     </span>
    </p>
   </div>
  </div>
 </body>
</html>
