1893 3230
763 177 974 206 APPENDIX
996 190 1052 195 --
1074 178 1103 205 1.
1611 171 1662 205 57

201 293 303 327 αὐτοῦ
321 292 462 335 βιβλίον
490 292 565 327 ἔστι
592 291 652 337 μὲν
679 291 747 327 ἀπὸ
775 294 835 326 τοῦ
864 292 1068 338 συνέχοντος
1096 292 1172 339 περὶ
1201 291 1353 338 φύσεως,
1375 290 1525 337 διῄρηται
1553 290 1589 324 δὲ
1618 291 1666 327 εἷς

200 360 291 404 τρεῖς
322 360 456 404 λόγους,
487 356 534 393 ε’ίς
563 372 599 392 τε
630 358 689 392 τὸν
719 358 797 403 περὶ
830 359 891 391 τοῦ
923 358 1047 394 παντὸς
1081 358 1133 392 καὶ
1162 357 1338 392 πολιτικὸν
1371 356 1424 390 καὶ
1457 355 1665 402 θεολογικόν.

202 420 260 473 (6)
291 423 427 468 ἀνέθηκε
447 423 483 458 δέ
510 424 591 458 αὐτὸ
618 423 664 459 εἷς
689 423 728 458 τὸ
753 424 811 467 τῆς
830 422 1027 468 Ἀρτέμιδος
1056 425 1155 470 ἱερόν,
1177 424 1220 459 ὡς
1240 423 1300 468 μέν
1324 437 1421 466 τινες,
1443 419 1666 465 ἐπιτηδεύσας

201 488 443 535 ἀσαφέστερον
471 490 617 536 γράψαι,
648 488 739 524 ὅπως
770 489 802 522 οἱ
840 488 1014 532 δυνάμενοι
1051 489 1229 534 προσίοιεν
1257 488 1346 535 αὐτῷ
1376 488 1429 522 καὶ
1461 486 1506 532 μὴ
1539 486 1574 521 ἐκ
1606 488 1666 520 τοῦ

163 561 182 593 5
201 553 374 599 δημώδους
393 554 683 600 εὐκαταφρόνητον
699 550 732 598 ᾗ.
789 556 908 588 τοῦτον
927 553 962 587 δέ
983 553 1036 587 καὶ
1056 555 1074 587 ὁ
1093 551 1204 597 Τίμων
1224 553 1416 599 ὑπογράφει
1435 552 1556 598 λέγων,

473 620 543 655 τοῖς
562 618 593 653 δ’
613 619 660 653 ἕνι
680 618 864 663 κοκκυστὴς
883 617 1130 665 ὀχλολοίδορος
1149 617 1370 664 “Ηράκλειτος

472 683 615 729 αι’νικτὴς
634 683 810 730 ἀνόρουσε-

201 748 429 795 Θεόφραστος
466 749 505 783 δέ
539 750 648 795 φησιν
684 749 750 784 ὑπὸ
787 748 1021 795 μελαγχολίας
1050 749 1090 783 τὰ
1122 750 1183 794 μὲν
1213 748 1351 794 ἡμιτελῆ
1389 749 1430 783 τὰ
1468 748 1503 783 δέ
1541 747 1667 782 ἄλλοτε

200 812 315 850 ἄλλως
340 815 462 860 ἔχοντα
487 815 634 861 γράψαι.
706 816 847 859 σημεῖον
875 813 904 849 δ’
925 814 1027 848 αὐτοῦ
1046 815 1106 858 τῆς
1123 812 1435 860 μεγαλοφροσύνης
1454 812 1670 857 Ἀντισθένης

143 887 183 910 10
201 879 310 924 φησὶν
339 879 374 913 ἐν
407 879 589 926 διαδοχαῖς·
633 880 825 926 ἐκχωρῆσαι
856 880 922 926 γὰρ
955 879 1118 927 τάδελφῷ
1147 881 1206 923 τῆς
1238 879 1431 920 βασιλείας.
1464 901 1471 906 ι
1499 876 1670 921 τοσαύτην

200 943 237 977 δέ
267 943 368 987 δόξαν
395 944 481 990 ἔσχε
509 946 549 979 τὸ
579 944 786 992 σύγγραμμα
817 945 861 980 ὣς
890 945 943 978 καὶ
972 944 1168 991 αἱρετιστὰς
1195 942 1252 977 ἀπ’
1273 943 1376 978 αὐτοῦ
1403 942 1562 990 γενέσθαι
1590 942 1669 979 τοὺς

202 1008 383 1052 κληθέντας
400 1008 686 1055 (Ηρακλειτείους.
732 1006 792 1058 (7)
809 1009 916 1044 ἐδόκει
937 1010 971 1044 δὲ
993 1010 1082 1054 αὐτῷ
1103 1008 1289 1044 καθολικῶς
1308 1008 1369 1053 μὲν
1387 1008 1478 1042 τάδε·
1507 1008 1542 1042 ἐκ
1562 1009 1669 1054 πυρὸς

200 1073 242 1107 τὰ
274 1074 382 1109 πάντα
416 1075 618 1110 συνεστάναι
651 1075 703 1109 καὶ
737 1075 783 1111 εἷς
810 1077 912 1109 τοῦτο
942 1073 1160 1118 ἀναλύεσθαι,
1194 1074 1303 1109 πάντα
1336 1088 1373 1108 τε
1406 1073 1561 1119 γίνεσθαι
1595 1072 1669 1108 καθ’

200 1138 397 1185 εἱμαρμένην
416 1139 469 1174 καὶ
498 1139 552 1173 διὰ
579 1141 637 1184 τῆς
665 1140 921 1185 ἐναντιοτροπῆς
949 1138 1119 1184 ἡρμόσθαι
1147 1139 1189 1172 τὰ
1219 1138 1308 1182 ὅντα,
1331 1138 1384 1172 καὶ
1406 1138 1515 1173 πάντα
1541 1139 1670 1185 ψυχῶν

142 1210 180 1244 15
200 1200 282 1239 εἶναι
301 1205 355 1239 καὶ
375 1204 538 1250 δαιμόνων
556 1204 680 1252 πλήρη·
738 1204 847 1252 ε’ίρηκε
874 1205 910 1240 δέ
939 1205 992 1239 καὶ
1011 1205 1090 1250 περὶ
1115 1207 1181 1239 τῶν
1200 1204 1236 1238 ἐν
1255 1206 1302 1252 τῷ
1324 1206 1441 1252 κόσμῳ
1463 1205 1667 1250 συνισταμέ-

200 1283 265 1305 νων
282 1269 417 1305 πάντων
438 1298 445 1306 .
478 1297 486 1306 .
521 1298 528 1306 .
560 1297 568 1305 .
597 1270 724 1314 παθῶν,
745 1269 798 1305 ὅτι
827 1285 863 1305 τε
890 1273 908 1305 ὁ
931 1270 1029 1315 ἥλιός
1057 1270 1134 1304 ἐστι
1161 1270 1200 1304 τὸ
1228 1268 1370 1315 μέγεθος
1399 1268 1482 1305 ὅσος
1501 1270 1668 1315 φαίνεται.

198 1334 292 1381 λέγει
319 1335 356 1369 δέ
385 1335 448 1381 καί,
470 1337 588 1382 Ψυχῆς
616 1335 756 1382 πείρατα
785 1336 844 1370 οὐκ
874 1335 914 1370 ἂν
941 1334 1094 1381 ἐξεύροιο
1122 1336 1239 1369 πᾶσαν
1262 1334 1546 1380 ἐπιπορευόμενος
1575 1335 1665 1370 ὁδόν·

199 1397 286 1434 οὕτω
319 1399 429 1442 βαθὺν
458 1402 564 1448 λόγον
595 1401 677 1447 ἕχει·
707 1400 768 1446 τήν
794 1416 830 1436 τε
859 1399 970 1445 οἴησιν
999 1400 1090 1446 ἱερὰν
1117 1401 1221 1434 νόσον
1249 1399 1350 1446 ἔλεγε
1379 1400 1432 1434 καὶ
1461 1400 1521 1444 τὴν
1548 1400 1670 1446 ὅρασιν

199 1465 405 1512 ψεύδεσθαι.
461 1467 625 1513 λαμπρῶς
652 1481 689 1501 τε
716 1466 821 1502 ἐνίοτε
849 1466 887 1501 ἐν
911 1468 959 1514 τῷ
989 1465 1230 1512 συγγράμματι
1258 1465 1312 1499 καὶ
1341 1466 1465 1511 σαφῶς
1493 1465 1668 1511 ἐκβάλλει,

142 1539 182 1561 20
201 1530 291 1566 ὥστε
319 1531 372 1565 καὶ
400 1532 460 1566 τὸν
487 1531 701 1567 νωθέστατον
728 1531 853 1578 ῥᾳδίως
880 1533 1003 1577 γνῶναι
1032 1530 1085 1564 καὶ
1119 1530 1245 1575 δίαρμα
1272 1529 1394 1575 ψυχῆς
1421 1531 1554 1571 λαβεῖν·
1596 1530 1619 1575 ἥ
1631 1545 1668 1565 τε

199 1596 372 1643 βραχύτης
391 1597 444 1631 καὶ
463 1598 502 1632 τὸ
521 1598 629 1644 βάρος
648 1599 707 1642 τῆς
727 1597 899 1644 ἑρμηνείας
918 1595 1137 1642 ἀσύγκριτον.
1197 1591 1256 1644 (8)
1277 1595 1330 1629 καὶ
1348 1595 1390 1629 τὰ
1410 1595 1465 1629 ἐπὶ
1483 1594 1607 1641 μέρους
1631 1595 1667 1630 δέ

200 1663 290 1711 αὐτῷ
320 1663 384 1697 ὧδε
413 1663 483 1709 ’ἔχει
511 1666 577 1698 τῶν
606 1663 792 1710 δογμάτων·
833 1665 901 1708 πῦρ
930 1658 1013 1696 εἶναι
1044 1662 1216 1706 στοιχεῖον
1246 1660 1300 1694 καὶ
1330 1660 1436 1705 πυρὸς
1466 1660 1590 1705 ἀμοιβῇ
1626 1662 1669 1696 τὰ

199 1728 318 1774 πάντα,
340 1728 503 1775 ἀραιώσει
523 1729 575 1763 καὶ
594 1730 765 1764 πυκνώσει
790 1729 959 1774 γινόμενα·
991 1727 1115 1772 σαφῶς
1135 1726 1171 1760 δέ
1191 1725 1288 1760 οὐδέν
1308 1724 1484 1761 ἐκτίθεται.
1512 1724 1673 1772 γίνεσθαί

200 1806 237 1827 τε
256 1793 364 1828 πάντα
384 1793 453 1828 κατ’
473 1794 684 1839 ἐναντιότητα
700 1794 752 1828 καὶ
777 1792 849 1840 ῥεῖν
874 1793 916 1827 τὰ
943 1791 1009 1826 ὅλα
1036 1793 1189 1836 ποταμοῦ
1216 1790 1320 1835 δίκην·
1349 1791 1555 1838 πεπεράνθαι
1574 1806 1610 1826 τε
1629 1793 1670 1826 τὸ

143 1864 181 1897 25
200 1859 267 1893 πᾶν
286 1859 339 1893 καὶ
358 1858 415 1893 ἕνα
441 1855 522 1894 εἶναι
541 1860 679 1904 κόσμον·
711 1858 895 1906 γεννᾶσθαί
919 1872 955 1892 τε
982 1857 1083 1891 αὐτὸν
1107 1856 1144 1891 ἐκ
1170 1857 1277 1902 πυρὸς
1304 1856 1358 1891 καὶ
1377 1857 1481 1891 πάλιν
1505 1856 1670 1904 ἐκπυροῦ-

201 1922 283 1958 σθαι
309 1924 392 1958 κατά
417 1939 508 1961 τινας
532 1924 710 1970 περιόδους
736 1922 885 1967 ἐναλλὰξ
909 1923 968 1958 τὸν
993 1921 1173 1967 σύμπαντα
1198 1921 1311 1963 αἰῶνα,
1331 1924 1431 1956 τοῦτο
1457 1921 1495 1956 δέ
1513 1920 1671 1968 γίνεσθαι

201 1988 272 2024 καθ’
293 1989 502 2035 εἱμαρμένην.
572 1993 639 2024 τῶν
665 1990 702 2024 δέ
728 1987 885 2025 ἐναντίων
909 1990 947 2023 τὸ
973 1988 1034 2033 μὲν
1066 1987 1121 2023 ἐπὶ
1147 1987 1208 2032 τὴν
1232 1987 1367 2034 γένεσιν
1386 1986 1471 2034 ἅγον
1490 1987 1670 2023 καλεῖσθαι

669 2055 678 2067 )

200 2056 351 2101 πόλεμον
371 2056 423 2091 καὶ
443 2056 524 2102 ἔριν,
545 2057 584 2091 τὸ
611 2054 640 2090 δ’
660 2056 716 2091 επὶ
741 2055 801 2100 τὴν
826 2054 1020 2101 ἐκπύρωσιν
1048 2053 1237 2100 ὁμολογίαν
1263 2053 1317 2087 καὶ
1336 2052 1478 2100 εἰρήνην
1538 2054 1591 2088 καὶ
1610 2053 1671 2099 τὴν

249 2229 263 2251 1
290 2222 440 2262 διείρηται
465 2221 492 2252 C
553 2225 565 2260 Η
629 2230 644 2251 2
669 2218 851 2260 πολιτικὸν]
880 2218 938 2249 τὸν
968 2217 1136 2248 πολιτικὸν
1171 2217 1244 2250 006.
1295 2221 1309 2258 ΙΙ
1365 2229 1385 2256 4
1407 2215 1597 2257 προσιοιέναι
1630 2216 1669 2247 Μ

204 2275 216 2310 ΙΙ
235 2281 254 2314 5
273 2272 320 2313 εἴη
339 2272 410 2305 Oob.
443 2275 455 2310 ΙΙ
485 2270 505 2303 6
529 2271 563 2302 δὲ
578 2270 608 2303 νὶ
622 2272 694 2303 LM
710 2282 716 2303 ε
742 2270 791 2303 ἔπι
810 2270 999 2302 Meinekius
1015 2270 1098 2302 coni.
1126 2272 1137 2307 ΙΙ
1166 2268 1346 2308 κοκκυστὴε
1362 2268 1390 2299 L
1406 2268 1454 2300 St.
1474 2267 1546 2300 Oob.
1565 2279 1570 2298 ε
1596 2278 1669 2298 κοκ-

201 2323 330 2355 κυστοὶς
345 2325 399 2356 A:
423 2323 600 2364 κοκκυσθὴς
615 2324 650 2354 N
667 2336 672 2354 :
697 2321 875 2354 κοκνίστοις
891 2322 931 2353 Μ
948 2333 953 2353 ;
978 2320 1138 2362 κυκηστὴε
1154 2321 1210 2352 Fr.
1230 2323 1242 2358 ll
1271 2326 1287 2361 7
1310 2319 1459 2361 αἲνηκτὴε
1473 2319 1512 2350 Μ
1531 2323 1542 2358 ΙΙ
1572 2328 1610 2350 10
1635 2319 1670 2351 ἐν

200 2376 267 2407 ταῖς
283 2377 455 2418 διατριβαῖς
471 2376 535 2407 AL
556 2381 567 2415 ΙΙ
588 2375 780 2417 διαχωρῆσαι
797 2375 825 2406 L
851 2377 864 2412 11
893 2383 928 2405 11
955 2373 1132 2413 λέγεσθαι2
1151 2375 1164 2414 ΙΙ
1194 2381 1230 2403 12
1255 2370 1481 2413 ἡρακλητείους
1496 2371 1594 2403 ACN
1611 2372 1669 2405 Fr.

204 2432 217 2468 11
242 2437 279 2468 13
296 2439 333 2459 τε
357 2439 421 2459 om.
437 2429 472 2460 A
489 2439 494 2459 :
514 2427 547 2458 δὲ
564 2428 604 2459 Μ
632 2432 644 2467 Η
684 2435 721 2467 15
747 2426 792 2467 τῷ
818 2437 880 2459 om.
898 2426 975 2456 MN
1005 2428 1016 2463 ΙΙ
1054 2425 1092 2456 16
1115 2423 1243 2455 πάντων
1268 2424 1342 2456 Cob.
1362 2424 1579 2455 Ambrosius:
1604 2434 1670 2455 om.

199 2480 329 2512 codices
350 2481 407 2513 Fr.
423 2480 494 2518 St.;
516 2481 672 2512 lacunam
687 2479 833 2510 indicavi
873 2481 886 2520 Η
930 2476 1068 2520 [παθῶν]
1088 2477 1160 2510 Cob.
1201 2480 1213 2514 ΙΙ
1257 2482 1295 2517 17
1320 2474 1412 2516 λέγει
1431 2476 1563 2517 Lipsius
1584 2476 1671 2507 Her·

199 2543 341 2563 mannus
360 2533 454 2565 Cob.:
480 2531 613 2573 λέγεται
638 2531 763 2563 codices
778 2531 835 2564 Fr.
852 2530 899 2563 St.
948 2533 962 2571 Η
1009 2528 1142 2569 πείρατα
1165 2529 1380 2560 Hermannus
1407 2528 1499 2560 Oob.:
1526 2527 1669 2568 πειρᾶται

200 2582 236 2615 ὃν
252 2585 351 2616 ALN
368 2585 476 2616 Marc.
493 2596 499 2616 :
523 2584 655 2625 παρᾶται
673 2582 709 2615 ὃν
721 2584 778 2615 Fr.
793 2594 800 2615 ε
823 2581 989 2624 πειρατέον
1006 2582 1045 2613 Μ
1063 2581 1166 2613 Burb.
1184 2592 1189 2612 :
1215 2579 1370 2621 περατέον
1386 2579 1423 2611 ὃν
1439 2580 1485 2611 St.
1499 2582 1511 2617 {l
1531 2579 1670 2620 ὲξεῦροιο

203 2636 300 2668 Cob.:
326 2636 442 2678 ἐξεύροι
466 2637 482 2668 ὁ
506 2637 616 2678 vng.:
643 2635 725 2677 εὕροι
742 2635 759 2666 ὁ
775 2636 805 2666 L
853 2639 866 2675 ΙΙ
919 2644 958 2677 19
978 2633 1085 2674 σοφῶς
1101 2633 1176 2664 ΑΜ
1191 2632 1239 2665 St.
1289 2637 1301 2672 Η
1353 2630 1509 2667 ἐκβάλλει
1527 2630 1611 2662 ὥστε
1629 2632 1668 2662 Μ

200 2689 248 2721 St.
276 2689 375 2722 Cob.:
412 2689 554 2725 ἐκβόλως
580 2700 617 2720 τε
641 2688 743 2720 ALN
768 2688 846 2719 Fr.:
883 2686 1068 2728 ‘loquitur’
1095 2685 1316 2718 Ambrosius:
1350 2684 1425 2715 fort,
1454 2682 1556 2724 ἐκβοᾷ
1582 2683 1668 2715 ὥστε

203 2744 215 2779 ΙΙ
237 2751 276 2772 20
299 2739 373 2782 τὸν]
398 2741 438 2772 τὸ
454 2743 487 2773 Α
502 2752 545 2774 m.
562 2752 611 2783 pr.
630 2741 686 2773 Fr.
738 2745 751 2780 ΙΙ
800 2738 839 2770 τό
861 2750 898 2770 τε
920 2738 1028 2779 βραχὺ
1045 2738 1101 2770 Fr.
1149 2741 1160 2776 ΙΙ
1212 2747 1247 2768 21
1275 2735 1326 2767 καὶ
1349 2735 1388 2766 τὸ
1409 2734 1507 2776 βάρος
1531 2746 1594 2767 om.
1611 2736 1668 2767 Fr.

203 2796 215 2831 ΙΙ
238 2803 275 2823 22
293 2793 411 2834 ἀμοιβῇ
427 2793 541 2835 scripsi
557 2805 562 2824 :
586 2792 724 2832 ἀμοιβὴν
740 2792 831 2833 vulg.
847 2803 853 2822 :
877 2796 884 2808 ‘
897 2788 1142 2822 vicissitudine'
1160 2789 1358 2821 Ambrosius
1384 2791 1397 2829 ΙΙ
1427 2797 1442 2818 2
1448 2798 1466 2828 3
1490 2786 1617 2829 ἀραίωσι
1634 2788 1668 2818 Α

203 2848 216 2883 ΙΙ
234 2844 403 2886 γινόμενα]
428 2844 470 2876 τὰ
491 2844 644 2885 γινόμενα
664 2845 727 2876 CN
767 2847 780 2882 Ιὶ
821 2842 976 2874 ἐκτιθέναι
1002 2843 1028 2874 C
1070 2847 1083 2882 ΙΙ
1128 2851 1169 2882 24
1192 2852 1229 2872 τε
1250 2851 1314 2874 om.
1337 2840 1394 2872 Fr.
1418 2840 1464 2872 St.
1513 2845 1525 2879 Η
1574 2849 1668 2869 πεπε-

201 2895 309 2939 ράνθαι
333 2897 428 2930 Cob.:
453 2896 647 2937 πεπερᾶσθαι
662 2896 753 2938 vulg.
801 2899 813 2933 ΙΙ
864 2894 903 2927 26
919 2894 1037 2935 ἐναλὰξ
1054 2895 1082 2925 L
