1893 3230
772 227 874 256 ΠΕΡΙ
905 226 1084 256 ΦΥΣΕΩΣ.
1614 221 1661 255 13

857 373 995 416 ΧΧΧ.

192 454 327 504 Ἠοῦς
351 455 418 500 καὶ
444 456 628 519 ἑσπέρης
652 457 856 519 τέρματα
883 459 905 509 ἡ
932 454 1105 519 ἄρκτος,
1131 454 1199 500 καὶ
1230 455 1378 501 clv-riou
1400 460 1477 509 τῆς
1502 453 1665 518 ἄρκτου

193 527 315 592 οὖρος
340 530 508 593 αἰθρίου
533 531 652 580 Διός.

842 645 1009 687 XXXI.

192 722 255 768 Εἰ
277 724 335 778 μὴ
360 723 479 778 ἥλιος
503 725 562 781 ἧν,
588 726 776 789 εὐφρόνη
800 724 852 772 οἳν
876 727 936 779 ἧν.

825 858 1020 901 XXXII.

190 939 306 990 Νέος
330 941 401 1003 ἐφ’
429 941 560 1004 ἡμέρῃ
585 940 721 994 ἥλιος.

242 1121 340 1147 ΧΧΧ.
371 1110 510 1148 Strabo
540 1110 564 1150 i.
595 1113 628 1157 6,
659 1124 697 1161 p.
734 1123 778 1159 3:
807 1113 946 1153 βέλτιον
983 1109 1012 1147 δ’
1045 1108 1269 1159 Ἡράκλειτος
1306 1115 1359 1148 καὶ
1393 1114 1659 1161 ὁμηρικωτέρως,

187 1175 310 1220 ὁμοίως
327 1176 399 1212 ἀντὶ
418 1180 479 1212 τοῦ
498 1177 654 1224 ἀρκτικοῦ
683 1178 742 1222 τὴν
765 1177 887 1223 ἶίρκτον
906 1177 1088 1222 ὀνομάζων·
1120 1176 1226 1214 Ἠοῦς
1255 1180 1308 1213 καὶ
1337 1179 1483 1226 ἑσπέρης
1511 1179 1661 1226 τέρματα

186 1242 205 1287 ἡ
229 1242 359 1289 ἄρκτος,
390 1244 443 1278 καὶ
470 1241 582 1278 ἀντίον
608 1245 666 1287 τῆς
697 1243 821 1290 ἄρκτου
849 1242 949 1288 οὖρος
977 1241 1108 1290 αἰθρίου
1139 1244 1227 1279 Διός.
1259 1245 1277 1278 ὁ
1306 1243 1372 1290 γὰρ
1401 1243 1555 1290 ἀρκτικός
1582 1245 1662 1280 ἐστι

185 1307 317 1345 δύσεως
337 1309 388 1343 καὶ
409 1308 573 1353 ἀνατολῆς
593 1308 682 1355 ὅρος,
703 1309 768 1354 οὐχ
788 1308 807 1353 ἡ
827 1308 960 1355 ἄρκτος.

241 1384 355 1410 XXXI.
387 1372 618 1410 Plutarchus
637 1372 711 1422 Aq.
733 1377 772 1410 ct>
792 1372 867 1421 ign.
886 1385 1005 1421 comp.
1026 1381 1059 1421 7,
1081 1385 1118 1422 p.
1136 1383 1210 1421 957
1229 1385 1237 1410 ε
1266 1374 1489 1420 Ἡράκλειτος
1508 1376 1571 1419 μὲν
1589 1374 1658 1419 οὖν,

162 1466 164 1469 -
184 1440 226 1474 Εἴ
243 1439 287 1485 μὴ
307 1439 414 1484 ἥλιος,
438 1440 559 1486 φησίν,
579 1438 628 1485 ἣν,
651 1440 799 1486 εὐφρόνη
819 1439 859 1475 ἂν
877 1437 1083 1483 ἧν-Ῑᾶθῐᾙ
1106 1438 1153 1475 de
1178 1438 1353 1476 Fortuna
1375 1451 1409 1487 3,
1430 1452 1467 1488 p.
1489 1441 1563 1487 98:
1604 1441 1658 1476 καὶ

187 1505 306 1551 ὥσπερ
337 1504 434 1550 ἡλίου
462 1505 506 1550 μὴ
537 1504 634 1541 ὄντος
662 1505 755 1540 ἕνεκα
782 1508 848 1540 τῶν
876 1505 993 1540 ἄλλων
1020 1504 1157 1551 ἄστρων
1185 1506 1353 1551 εὐφρόνην
1381 1506 1420 1540 ἂν
1448 1507 1582 1552 ἤγομεν,
1615 1507 1660 1542 ὥς

184 1572 296 1616 φησιν
323 1570 555 1616 Ἡράκλειτος·
586 1569 692 1606 οὕτως
720 1570 813 1604 ἕνεκα
842 1573 908 1604 τῶν
936 1569 1141 1615 αἰσθήσεων,
1163 1571 1191 1604 εἷ
1219 1570 1263 1616 μὴ
1294 1572 1372 1605 νοῦν
1399 1571 1482 1615 μηδὲ
1513 1572 1620 1617 λόγον
1640 1573 1658 1606 ὁ

184 1635 364 1682 ἅνθρωπος
391 1636 503 1680 ἔσχεν,
526 1635 624 1670 οὐδέν
651 1635 691 1670 ἂν
720 1635 856 1681 διέφερε
885 1637 932 1683 τῷ
951 1634 1017 1683 βίῳ
1039 1638 1106 1670 τῶν
1124 1634 1457 1684 anz'mu—Respic.
1480 1634 1659 1672 Clemens

184 1698 297 1737 Alex.
317 1698 514 1749 Protrepl.
541 1712 601 1742 ΙΙ,
623 1713 658 1749 p.
683 1702 729 1748 87
750 1713 758 1737 ζ
787 1701 885 1745 ἡλίου
909 1701 954 1746 μὴ
975 1701 1078 1745 ὄντος,
1101 1700 1194 1736 ἕνεκα
1222 1705 1288 1735 τῶν
1307 1701 1423 1736 ἶίλλων
1442 1701 1578 1748 ἄστρων
1597 1702 1659 1746 νὺξ

185 1766 226 1800 ἂν
255 1764 294 1810 ἧν
321 1766 363 1801 τὰ
390 1764 665 1802 mim-Confi
687 1763 906 1802 Macrobius
935 1764 977 1801 in
1006 1764 1136 1802 Somn.
1158 1764 1258 1815 Scip.
1279 1765 1304 1803 i.
1328 1778 1400 1802 20:
1434 1765 1658 1804 Heraclitus

182 1829 329 1867 fontem
352 1828 522 1866 caelestis
541 1829 635 1867 lucis
655 1828 754 1880 (scil.
775 1828 911 1879 solem)
931 1830 1111 1879 appellat.

237 1906 371 1932 xxxn.
409 1894 639 1932 Aristoteles
678 1894 838 1932 Meteon
869 1895 908 1932 ii.
942 1907 975 1941 2,
1004 1908 1043 1944 p.
1075 1904 1151 1944 355
1181 1909 1205 1932 α
1237 1908 1284 1944 9:
1327 1896 1346 1940 ἡ
1375 1896 1437 1940 μὲν
1465 1897 1532 1944 γὰρ
1562 1898 1660 1943 φλὸξ

184 1961 241 1996 διὰ
270 1963 438 2007 συνεχοῦς
469 1962 574 2008 ὑγροῦ
607 1962 661 1996 καὶ
692 1955 797 2009 ξηροῦ
827 1963 1114 2007 μεταβαλλόντων
1141 1962 1292 2009 γίγνεται
1323 1962 1376 1996 καὶ
1409 1962 1448 1996 οὐ
1483 1961 1658 2008 τρέφεται·

181 2027 221 2062 οὐ
258 2027 324 2074 γὰρ
363 2025 382 2071 ἡ
421 2027 504 2071 αὐτὴ
543 2025 632 2062 οῦσα
671 2027 817 2071 διαμένει
855 2027 974 2061 οὐδένα
1010 2029 1134 2073 χρόνον
1166 2028 1210 2063 ὡς
1248 2027 1362 2062 εἰπεῖν·
1419 2027 1498 2073 περὶ
1532 2028 1568 2062 δέ
1600 2029 1662 2062 τὸν

181 2091 281 2137 ἥλιον
312 2091 477 2127 ἀδύνατον
505 2094 605 2127 τοῦτο
638 2092 848 2137 συμβαίνειν,
884 2092 955 2128 ἐπεὶ
988 2092 1201 2139 τρεφομένου
1231 2107 1272 2140 γε
1299 2093 1359 2128 τὸν
1387 2093 1488 2127 αὐτὸν
1518 2094 1660 2139 τρόπον,

181 2159 300 2204 ὥσπερ
321 2158 441 2192 ἐκεῖνοί
470 2159 572 2203 φασι,
604 2158 708 2203 δῆλον
736 2158 787 2193 ὅτι
813 2159 866 2193 καὶ
895 2160 913 2192 ὁ
942 2159 1040 2203 {Duos
1068 2159 1107 2193 οὐ
1135 2160 1238 2204 μόνον
1266 2158 1416 2204 καθάπερ
1434 2158 1660 2205 “Ηράκλειτός

182 2225 284 2270 φησι,
306 2223 378 2259 νέος
405 2221 461 2268 ἐφ’
482 2222 586 2269 ἡμέρῃ
610 2223 716 2268 ἐστίν,
737 2223 816 2258 ἀλλ’
836 2223 888 2258 ἆεὶ
917 2224 989 2259 νέος
1018 2221 1451 2270 συνεχῶς-ΑῙΘΧᾶΠᾶΘΓ
1480 2221 1657 2272 Aplll'od.

182 2287 224 2325 in
244 2287 404 2325 Meteor.
424 2286 486 2325 l.l.
507 2286 570 2325 fol.
593 2300 643 2336 93
666 2301 712 2324 a:
754 2288 786 2323 εἴ
811 2304 851 2336 γε
880 2290 1043 2336 ἐτρέφετο
1072 2292 1090 2324 ὁ
1120 2289 1216 2334 ἥλιος
1242 2287 1350 2325 οὕτως
1377 2290 1421 2326 ὡς
1447 2290 1499 2324 καὶ
1525 2290 1564 2324 τὸ
1588 2292 1657 2336 πῦρ

187 2354 271 2390 καθά
302 2355 424 2400 φασιν,
456 2354 495 2388 οὐ
525 2356 627 2398 μόνον
660 2355 704 2390 ὡς
722 2354 947 2401 Ἡράκλειτός
978 2356 1079 2401 φησι,
1113 2355 1186 2391 νέος
1213 2353 1270 2400 ἐφ’
1299 2354 1404 2401 ἡμέρῃ
1434 2355 1475 2389 ἂν
1502 2353 1552 2400 ἦν,
1585 2351 1658 2390 καθ’

180 2420 328 2464 ἑκάστην
347 2419 471 2466 ἡμέραν
499 2419 607 2456 ἄλλος
637 2420 864 2465 ἐξαπτόμενος
893 2422 953 2455 τοῦ
986 2422 1122 2467 πρώτου
1155 2420 1191 2454 ἐν
1219 2422 1259 2464 τῇ
1289 2419 1386 2454 δύσει
1415 2420 1656 2466 σβεννυμένου,

180 2484 258 2520 ἀλλ’
281 2485 334 2519 ἀεί
360 2500 397 2519 τε
426 2485 479 2519 καὶ
508 2488 671 2530 συνεχῶς,
693 2485 766 2522 νέος
794 2500 830 2520 τε
860 2487 912 2520 καὶ
941 2485 1068 2520 ἶίλλοτε
1096 2485 1203 2521 ἄλλος
1229 2483 1370 2532 ἐγίνετο,
1402 2486 1520 2531 ὥσπερ
1547 2486 1600 2520 καὶ
1627 2487 1660 2520 αἱ

181 2552 325 2597 φλόγες,
346 2550 381 2584 ἐν
399 2552 447 2598 τῷ
466 2551 623 2598 γίνεσθαι
642 2552 681 2586 τὸ
701 2548 784 2587 εἶναι
803 2550 1248 2600 Z'Xoev——Olympiodorus
1268 2549 1309 2587 in
1330 2549 1491 2588 Bleteor.
1512 2550 1570 2588 l.l.
1592 2551 1657 2589 fol.

185 2627 236 2662 30
257 2626 303 2651 a:
334 2615 600 2662 ὖπερβησόμεθα
620 2617 656 2651 δέ
676 2617 736 2662 τὴν
754 2617 1006 2665 Ἡρακλείτειον
1024 2616 1331 2664 παραδοξολογίαν·
1372 2617 1481 2652 οὐκέτι
1499 2619 1565 2665 γὰρ
1586 2619 1659 2656 νέος

182 2680 239 2727 ἐφ’
259 2680 362 2727 ἡμέρῃ
392 2680 573 2727 γενήσεται
602 2683 620 2716 ὁ
650 2683 747 2728 ἥλιος
776 2684 831 2718 διὰ
859 2684 919 2718 τὸν
937 2683 1170 2730 “Ηράκλειτον,
1199 2683 1289 2717 ἀλλὰ
1319 2683 1393 2719 νέος
1421 2683 1492 2718 καθ’
1514 2682 1657 2719 ἕκαστον

183 2747 254 2782 νῦν.
310 2747 411 2793 ἔλεγε
429 2747 495 2794 γὰρ
517 2749 535 2781 ὁ
554 2746 793 2795 “Ηράκλειτοςῖ
807 2749 858 2784 ὅτι
887 2751 955 2796 πῦρ
985 2749 1148 2795 ὑπάρχων
1176 2750 1194 2782 ὁ
1224 2748 1332 2793 ἥλιος,
1353 2748 1433 2784 ὅταν
1451 2749 1512 2794 μὲν
1531 2750 1566 2785 ἐν
1585 2752 1658 2787 ταῖς

229 2906 314 2931 XXX.
337 2897 398 2939 γὰρ
419 2902 496 2940 post
515 2900 592 2940 ἠοῦς
606 2901 696 2943 vulg.
719 2901 813 2939 add.;
838 2902 1098 2944 superscriptum
1114 2902 1217 2934 habet
1231 2902 1303 2934 cod.
1320 2902 1349 2933 B
1387 2906 1399 2939 11
1419 2901 1552 2943 ἑσπέρας
1568 2902 1659 2943 vulg.

187 2960 270 2982 corr.
291 2950 461 2982 Meineke.
