1893 3230
750 225 853 254 ΠΕΡΙ
881 224 1062 254 ΦΥΣΕΩΣ.
1595 216 1643 251 47

829 370 988 412 CXXI.

165 463 317 514 ‘''HOos=
342 464 553 527 ἀνθρώπῳ
579 462 747 518 δαίμων.

814 605 1001 647 CXXII.

171 700 440 764 Ἀνθρώπους
482 698 591 754 με’νει
630 700 982 751 τελευτήσαντας
1019 696 1141 745 ἅσσα
1183 699 1255 745 οὔκ
1292 698 1509 745 ἕλπονται
1553 697 1646 744 οὐδὲ

176 775 383 822 δοκέουσι.

802 872 1016 914 CXXIII.

163 965 315 1012 ”Ενθα
341 964 553 1027 ῒδεόντιῆ-
578 966 903 1012 ἐπανίστασθαι
936 966 1004 1011 καὶ
1040 965 1239 1028 φύλακας
1271 965 1469 1025 γίνεσθαι
1494 964 1644 1028 ἐγερτὶ

177 1039 345 1106 ζώντων
369 1040 438 1086 καὶ
466 1044 629 1103 νεκρῶν.

230 1219 340 1246 CXXI.
371 1206 600 1246 Plutarchus
626 1208 700 1256 Qu.
729 1208 826 1245 Plat.
857 1207 880 1245 i.
916 1221 949 1255 2,
978 1221 1015 1258 p.
1048 1221 1150 1257 999:
1181 1212 1327 1256 πότερον
1353 1208 1412 1245 οὖν
1436 1210 1495 1254 τὴν
1527 1211 1647 1244 ἑαυτοῦ

174 1274 295 1322 φύσιν,
330 1275 637 1322 ὡςψκριτικωτέραν
670 1274 689 1320 ἢ
723 1274 951 1322 γονιμωτέραν
983 1273 1103 1316 οὖσαν,
1139 1275 1216 1310 θεὸν
1253 1278 1453 1321 προσεῖπε3
1496 1276 1646 1322 καθάπερ

174 1340 379 1388 Μένανδρος·
417 1340 456 1375 ‘O
488 1343 565 1377 νοῦς
592 1341 658 1387 γὰρ
686 1339 778 1386 ἡμῶν
807 1343 825 1375 ὁ
854 1341 941 1377 θεός·
982 1341 1034 1375 καὶ
1062 1340 1293 1387 Ἡράκλειτος·
1326 1338 1439 1377 'Hans
1467 1340 1647 1387 ἀνθρώπου

175 1404 578 1451 &alfnon—Alexander
601 1403 775 1454 Aphrod.
804 1404 974 1442 chato
1006 1406 1041 1451 6,
1067 1418 1105 1455 p.
1133 1406 1178 1442 16
1211 1404 1328 1442 Orell.
1357 1404 1476 1456 (=dc
1503 1404 1648 1441 Anima

174 1467 214 1506 ii.
237 1470 299 1515 48,
320 1481 357 1517 p.
379 1466 471 1519 150)
493 1482 499 1505 :
530 1467 611 1513 ἦθος
630 1470 696 1516 γὰρ
715 1469 882 1518 ἀνθρώπῳ
899 1470 1037 1515 δαίμων,
1058 1470 1142 1504 κατὰ
1160 1470 1220 1504 τὸν
1233 1468 1468 1515 ίΗράκλειτον,
1489 1469 1649 1504 τουτέστι

176 1533 530 1580 φύσις-Βῒοῦαθῑιδ
561 1532 694 1570 Floril.
726 1532 797 1571 civ.
832 1545 907 1582 23:
951 1534 1175 1580 ‘Hpa'xxearos
1203 1535 1271 1580 ἔφη
1301 1534 1346 1570 ὡς
1375 1533 1454 1578 ἦθος
1481 1534 1647 1582 ἀνθρώπῳ

175 1597 513 1648 δαίμων-ΒεεΡίο,
534 1596 922 1647 pseudo-Heraclitus
948 1597 1072 1648 Epist.
1095 1612 1117 1647 9
1138 1611 1145 1635 :
1175 1598 1372 1645 μαντεύεται
1395 1601 1434 1634 τὸ
1458 1600 1537 1645 ἐμὸν
1556 1598 1648 1644 ἧθος,

176 1665 260 1712 ὅπερ
280 1665 412 1713 ἑκάστῳ
433 1663 572 1709 δαίμων.

230 1740 360 1767 cxxn.
390 1728 622 1766 Themistius
642 1727 908 1779 (Plutarchus)
928 1742 987 1779 ap.
1012 1728 1118 1767 Stob.
1146 1728 1283 1766 Floril.
1312 1742 1394 1767 cxx.
1426 1731 1501 1766 28:
1530 1729 1590 1774 τήν
1608 1745 1649 1776 γε

174 1796 379 1831 πεισθεῖσαν
413 1794 509 1843 (scil.
543 1793 679 1845 ψυχήν)
723 1795 791 1831 ὅσα
824 1795 1023 1841 ἀνθρώπους
1061 1797 1231 1842 περιμένει
1269 1796 1538 1841 τελευτήσαντας
1576 1795 1647 1830 καθ’

172 1860 408 1908 Ἡράκλειτον,
443 1861 542 1896 οὐδέν
571 1860 611 1895 ἂν
641 1859 1041 1907 κατάσχοι-ΟῙΘΠΙΘΠΞ
1073 1859 1184 1897 Alex.
1220 1859 1417 1909 Protrept.
1453 1873 1487 1906 2,
1528 1874 1564 1910 p.
1600 1862 1646 1897 18

176 1926 388 1979 (=Euseb.
419 1926 462 1964 P.
482 1926 526 1963 E.
553 1925 593 1962 ii.
618 1938 652 1974 3,
680 1938 717 1975 p.
741 1924 809 1977 66)
830 1926 878 1964 ad
897 1926 944 1964 fr.
967 1925 1144 1964 CXXIV
1163 1925 1395 1964 cin—Idem
1425 1925 1566 1964 Strom.
1596 1925 1645 1964 iv.

178 2005 238 2039 22,
258 2006 295 2042 p.
318 1993 420 2041 630:
452 1993 607 2039 συνᾴδειν
633 1992 741 2041 τούτῳ
767 1995 821 2029 καὶ
850 1996 868 2028 ὁ
895 1993 1120 2040 Ἡράκλειτος
1146 1994 1304 2040 φαίνεται
1330 1992 1371 2028 δι’
1393 1994 1439 2029 ὧν
1463 1995 1554 2040 φησι
1571 1995 1649 2040 περὶ

175 2061 242 2093 τῶν
278 2058 465 2105 ἀνθρώπων
512 2058 761 2105 διαλεγόμενος·
808 2058 1025 2105 Ἀνθρώπους
1060 2058 1152 2103 μένει
1188 2058 1419 2094 ἀποθανόντας
1455 2059 1552 2094 ἅσσα
1589 2059 1650 2093 οὐκ

173 2123 335 2159 ἕλπονται
359 2124 436 2158 οὐδὲ
463 2121 961 2160 δοκέουσιν-ΤΙἸΘΟᾰΟΓΘΐῐΠΞ
987 2122 1150 2172 Therap.
1172 2121 1251 2159 viii.
1284 2136 1322 2172 p.
1349 2124 1435 2169 118,
1463 2134 1505 2160 1:
1545 2125 1650 2159 ἐκεῖνο

177 2189 213 2223 δὲ
233 2191 294 2224 τοῦ
312 2188 538 2235 Ἡρακλείτου
564 2189 656 2234 μάλα
677 2189 845 2234 θαυμάζω,
866 2188 917 2224 ὅτι
936 2189 1026 2235 μένει
1053 2189 1131 2226 τοὺς
1157 2188 1355 2236 ἀνθρώπους
1374 2189 1650 2234 ἀποθνήσκοντας

176 2253 244 2290 ὅσα
263 2254 324 2289 οὐκ
344 2255 507 2289 ἕλπονται
527 2254 604 2289 οὐδὲ
626 2254 813 2290 δοκέουσιν.

232 2329 375 2356 CXXIII.
408 2317 648 2367 Hippolytus
668 2317 756 2355 Res.
777 2317 878 2355 haer.
902 2317 952 2354 ix.
977 2330 1042 2355 10:
1072 2319 1166 2366 λέγει
1187 2319 1223 2354 δὲ
1244 2319 1296 2354 καὶ
1317 2321 1443 2366 σαρκὸς
1461 2320 1652 2355 ἀνάστασιν

176 2383 299 2429 ταύτης
318 2385 468 2431 φανερᾶς
488 2384 523 2419 ἐν
540 2381 562 2429 ᾗ
581 2383 801 2431 γεγενήμεθα·
841 2385 894 2419 καὶ
913 2385 971 2419 τὸν
991 2384 1068 2420 θεὸν
1096 2381 1166 2419 οἶδε
1194 2383 1316 2429 ταύτης
1344 2386 1402 2429 τῆς
1431 2384 1652 2421 ἀναστάσεως

222 2547 318 2570 CXXI.
341 2538 510 2578 ἀνθρώπων
525 2538 713 2570 Alexandri
729 2537 879 2579 Aphrod.
896 2537 938 2568 de
957 2537 1082 2568 Anima
1097 2537 1172 2569 edd.

223 2598 348 2622 CXXIII.
372 2590 447 2622 ἔνθα
469 2590 572 2622 δεόντι
589 2590 693 2622 codex
708 2601 713 2621 :
739 2588 849 2621 ’ἐνθαδε
867 2588 977 2620 ἐόντας
996 2589 1146 2631 Bernays
1159 2589 1209 2620 M.
1225 2589 1290 2621 Rh.
1308 2599 1338 2631 9,
1355 2600 1386 2630 p.
1407 2599 1486 2630 244:
1510 2588 1584 2621 ἔνθα
1601 2589 1652 2620 διὰ

178 2640 251 2672 θεόν
271 2654 308 2672 τε
327 2642 417 2673 idem
435 2653 488 2684 ap.
506 2643 654 2674 Bunsen.
670 2642 772 2673 Anal.
791 2642 978 2673 Ante-Nic.
995 2641 1042 2673 iii.
1060 2652 1092 2682 p.
1111 2651 1192 2682 334:
1220 2640 1295 2673 ἔνθα
1316 2640 1425 2672 θεόθεν
1441 2653 1478 2672 τε
1501 2641 1589 2672 idem
1611 2642 1652 2672 de

178 2693 263 2735 Epp.
276 2694 410 2726 Heracl.
426 2705 459 2736 p.
473 2695 533 2736 38:
558 2694 632 2726 ἔνθα
649 2693 722 2725 θεὸν
739 2694 790 2725 δεῖ
803 2694 935 2735 Sauppe
953 2705 959 2725 ς
985 2692 1095 2724 ἔνθαδε
1112 2693 1182 2725 ἔστι
1199 2694 1252 2725 vel
1269 2693 1303 2724 ἐν
1320 2695 1380 2734 θεῷ
1397 2692 1469 2724 δέον
1484 2705 1514 2724 τι
1532 2694 1650 2734 suspic.

179 2745 342 2776 Petersen
388 2750 400 2784 ΙΙ
418 2745 466 2778 ἔτι
488 2745 703 2777 ἀνίστασθαιῗ
751 2749 763 2784 ΙΙ
781 2745 911 2787 φύλακα
927 2746 1058 2787 Sauppe
1107 2749 1118 2783 ΙΙ
1139 2744 1367 2786 ἐγερτιζόντων
1382 2746 1509 2778 codex:
1546 2746 1651 2786 ἐγερτὶ

180 2795 304 2836 ζώντων
329 2798 479 2840 Bernays
502 2799 553 2830 M.
579 2799 646 2831 Rh.
670 2808 701 2839 9,
725 2809 757 2839 p.
784 2809 867 2840 244:
899 2797 1018 2838 ἐγερτῖ,
1044 2796 1161 2837 ζῶντας
1184 2798 1220 2828 ἐκ
1243 2797 1360 2838 νεκρῶν
1383 2798 1471 2828 idem
1498 2798 1538 2828 de
1567 2798 1651 2838 Epp.

179 2850 314 2882 Heracl.
330 2861 362 2890 p.
381 2852 420 2890 38
435 2862 441 2882 z
465 2850 541 2882 fort.
560 2850 663 2882 ἔθνεσι
683 2849 825 2890 ζωόντων
841 2862 870 2882 κ.
884 2851 1152 2882 v.-O1·ationem
1168 2850 1216 2881 ita.
1231 2849 1524 2891 redintegrandam
1547 2849 1651 2890 suspi-

180 2905 277 2934 catur
301 2902 474 2934 Schuster:
507 2902 625 2941 δαίμων
650 2901 753 2934 ἐθέλει
778 2901 889 2934 ἔνθαδε
912 2901 999 2934 ἐόντι
1024 2900 1222 2933 ἐπιίστασθαι
1246 2901 1296 2933 καὶ
1324 2900 1467 2942 φυλακὸε
1487 2912 1520 2942 γ.
1546 2899 1651 2942 ἐγερτὶ

183 2952 305 2993 ζώντων
321 2965 351 2986 κ.
367 2965 395 2984 ν.
