1893 3230
752 629 1175 679 APPENDIX.

643 802 665 844 I
687 829 739 836 -—
756 802 901 844 VITA
943 802 1273 844 HERACLITI

585 936 610 963 E
651 922 889 964 DIOGENE
931 922 1157 964 LAERTIO
1197 936 1257 965 1x.
1304 937 1338 965 1.

268 1144 384 1186 (sigla,
401 1145 522 1186 quibus
538 1145 573 1176 in
589 1145 803 1176 adnotatione
826 1145 942 1175 critica
960 1155 1040 1175 usus
1061 1155 1144 1182 sum,
1161 1145 1242 1176 haec
1259 1147 1338 1175 sunt
1355 1144 1560 1176 z—A=cod.
1578 1145 1693 1176 Arun-

224 1196 374 1227 delianus
391 1208 397 1228 ε
446 1198 471 1228 C
489 1212 517 1224 =
538 1198 608 1229 cod.
641 1196 922 1237 Cantabrigiensis
955 1197 1026 1236 (vix
1056 1197 1138 1227 duas
1169 1200 1280 1237 partes
1315 1197 1473 1228 orationis
1503 1197 1666 1237 continet)
1684 1208 1690 1228 z

221 1248 251 1279 L
268 1263 297 1274 =
316 1249 387 1279 cod.
411 1249 656 1280 Laurentianus
678 1249 802 1280 LXIX
829 1258 866 1288 13
884 1260 890 1279 2
938 1249 978 1279 M
996 1263 1024 1274 =
1045 1248 1114 1279 cod.
1139 1249 1241 1280 Laur.
1264 1248 1388 1279 LXIX
1415 1249 1473 1279 28:
1521 1249 1555 1279 N
1573 1264 1602 1275 =
1621 1249 1692 1280 cod.

221 1300 323 1332 Laur.
354 1301 479 1332 LXIX
511 1309 572 1341 35:
620 1301 675 1332 Fr.
694 1315 723 1326 =
746 1301 847 1331 editio
877 1300 1109 1331 Frobeniana:
1149 1300 1195 1332 St.
1215 1315 1244 1326 =
1267 1300 1318 1332 ed.
1350 1300 1550 1341 Stephanioa
1580 1301 1691 1342 prior:

222 1351 297 1384 Gob.
317 1367 346 1378 =
366 1353 416 1383 ed.
444 1353 636 1385 Cobetiana.
696 1352 816 1383 Tribus
841 1356 954 1383 autem
981 1352 1015 1382 in
1042 1352 1131 1391 locis,
1163 1352 1347 1383 amicorum
1379 1363 1478 1394 opera
1506 1356 1540 1383 et
1572 1352 1692 1389 stufflo,

220 1404 321 1435 citare
344 1405 439 1445 potui
461 1405 618 1435 lectiones
641 1405 760 1436 codicis
784 1404 949 1435 Marciani
973 1413 1036 1446 393
1060 1409 1094 1435 et
1117 1404 1297 1435 Burbonjci
1323 1412 1394 1444 253.
1440 1404 1691 1440 Laurentianos,

222 1459 340 1497 rogatu
364 1457 481 1487 Fausti
504 1456 641 1492 LasiniL
667 1456 702 1487 in
728 1466 840 1487 meum
867 1466 965 1487 usum
992 1455 1134 1486 contulit
1159 1456 1318 1487 Nicolaus
1350 1456 1382 1486 d’
1407 1455 1563 1492 Anziani,
1590 1455 1691 1497 hypo·

221 1508 490 1540 bibliothecarius
506 1508 722 1540 Florentinus
740 1520 745 1539 :
770 1508 1039 1540 Arundelianum
1057 1511 1091 1539 et
1107 1508 1415 1549 Cantabrigiensem
1433 1507 1502 1548 ipse
1519 1508 1675 1548 excussi.)

278 1721 336 1773 (Ι)
365 1723 590 1770 Ἡράκλειτος
623 1722 806 1760 Βλύσωνος
838 1725 869 1768 ἢ’,
900 1725 944 1760 ὥς
977 1738 1073 1764 τινες,
1108 1721 1328 1770 Ἡρακῖοντος
1356 1721 1533 1768 Ἐφέσιος.
1590 1721 1691 1758 οὗτος

225 1790 346 1834 ἤκμαζε
365 1789 426 1834 μὲν
445 1789 527 1823 κατὰ
545 1789 606 1834 τὴν
624 1789 741 1834 ἐνάτην
756 1790 807 1824 καὶ
828 1789 1013 1833 ἑξηκοστὴν
1032 1789 1235 1833 ὀλυμπιάδα·
1264 1789 1494 1834 μεγαλόφρων
1514 1787 1551 1822 δέ
1569 1787 1689 1834 γέγονε

221 1854 300 1901 παρ’
330 1856 500 1889 ὁντιναοῦν
528 1855 581 1889 καὶ
616 1855 816 1901 ὑπερόπτης,
846 1855 889 1890 ὣς
919 1853 972 1890 καὶ
999 1855 1036 1889 ἐκ
1064 1856 1124 1889 τοῦ
1153 1854 1420 1900 συγγράμματος
1450 1853 1552 1888 αὐτοῦ
1586 1853 1690 1897 δῆλον

219 1919 255 1954 ἐν
286 1916 315 1968 ᾦ
344 1921 446 1966 φησι·
488 1920 690 1965 Πολυμαθῖη
721 1921 800 1955 νόον
829 1920 867 1958 οὐ
901 1920 1066 1954 διδάσκει·
1104 1918 1270 1954 “Ησίοδον
1300 1919 1367 1965 γὰρ
1399 1918 1439 1952 ἂν
1469 1918 1603 1961 ἐδίδαξε
1636 1918 1689 1952 καὶ

180 1996 199 2028 5
220 1985 424 2033 Πυθαγόρην
456 1985 549 2022 αὖτίς
577 2001 614 2021 τε
651 1986 849 2032 Ξενοφάνεα
880 1986 932 2020 καὶ
964 1985 1149 2020 Ἑκαταῖον·
1190 1981 1271 2020 εἶναι
1307 1986 1373 2031 γὰρ
1413 1983 1447 2019 ἓν
1483 1985 1522 2019 τὸ
1561 1985 1688 2030 σοφόν,

219 2050 426 2086 ἐπίστασθαι
462 2053 596 2098 γνώμην
632 2048 655 2095 ᾗ
692 2050 800 2086 οἴεται
842 2052 1071 2098 κυβερνᾶσθαι
1111 2052 1219 2086 πάντα
1258 2050 1313 2085 διὰ
1352 2051 1496 2086 πάντων.
1555 2050 1614 2084 τόν
1651 2065 1689 2085 τε

216 2114 370 2163 ’Ὅμηρον
397 2117 550 2163 ἔφασκεν
582 2117 677 2161 ἶίξιον
707 2118 743 2152 ἐκ
776 2120 844 2152 τῶν
873 2117 1010 2164 ἀγώνων
1043 2116 1276 2159 ἐκβάλλεσθαι
1307 2116 1359 2150 καὶ
1392 2113 1605 2161 ῥαπίζεσθαι,
1636 2116 1690 2150 καὶ

222 2179 431 2228 Ἀρχίλοχον
463 2183 596 2227 ὁμοίως.
667 2180 725 2232 (2)
757 2184 860 2229 ἔλεγε
895 2183 930 2217 δέ
960 2182 1023 2216 καί·
1046 2181 1169 2228 ’Ὕβριν
1197 2182 1264 2227 χρὴ
1298 2180 1474 2223 σβεννύειν
1505 2183 1639 2226 μᾶλλον
1668 2181 1687 2226 ἢ

219 2247 393 2293 πυρκαϊὴν·
424 2247 489 2292 καί,
511 2249 695 2293 Μάχεσθαι
720 2248 786 2294 χρὴ
805 2249 864 2283 τὸν
883 2248 987 2293 δῆμον
1006 2247 1090 2294 ὑπὲρ
1115 2249 1176 2281 τοῦ
1205 2249 1308 2292 νόμου
1331 2245 1416 2282 ὅκως
1442 2247 1526 2293 ὑπὲρ
1546 2248 1688 2292 τείχεος,

161 2321 201 2344 10
219 2311 422 2347 καθάπτεται
442 2312 479 2347 δὲ
499 2313 552 2347 καὶ
577 2316 644 2348 τῶν
661 2312 838 2359 Ἐφεσίων
857 2313 913 2349 ἐπὶ
933 2315 981 2361 τῷ
999 2313 1058 2347 τὸν
1077 2313 1209 2359 ἑταῖρον
1234 2312 1392 2352 ἐκβαλεῖν
1410 2308 1628 2358 Ἑρμόδωρον
1653 2311 1690 2345 ἐν

267 2487 283 2508 2
309 2476 445 2518 ἐννάτην
467 2479 524 2510 Fr.
547 2478 596 2511 St.
643 2481 654 2516 ΙΙ
703 2487 724 2519 4
746 2475 923 2517 πολυμαθίη
947 2476 1008 2508 AC
1031 2476 1136 2507 Maro.
1159 2476 1262 2507 Burb.
1288 2475 1358 2507 Sa:
1390 2473 1583 2515 πολυμαθείη
1608 2474 1686 2506 MN

219 2529 299 2561 Fr.:
339 2530 506 2569 πολυμαθῆ
537 2531 586 2561 L:
625 2529 841 2570 πουλυμαθηΐη
876 2529 950 2561 Cob.
998 2532 1010 2567 ΙΙ
1059 2537 1076 2568 5
1109 2526 1195 2560 αὖθις
1224 2527 1317 2558 ACL
1349 2527 1454 2558 Marc.
1485 2526 1531 2557 St.
1580 2529 1592 2563 ΙΙ
1632 2525 1686 2567 τε]

220 2580 254 2611 δὲ
284 2581 391 2612 ALM
425 2582 532 2613 Marc.
579 2585 591 2620 ΙΙ
639 2580 821 2623 Ξενοφάνεά
853 2592 890 2612 τε
928 2581 1042 2622 vulga:
1077 2591 1140 2611 om.
1175 2591 1212 2610 τε
1244 2580 1273 2611 L
1299 2578 1373 2612 Cob.
1425 2581 1436 2616 11
1485 2577 1505 2609 6
1534 2575 1556 2621 ᾗ
1586 2576 1686 2608 οἴεται

218 2633 429 2673 κυβερνᾶσθαι
456 2634 593 2675 scripsi:
628 2634 687 2674 ἥτε
716 2635 745 2665 οἶ
771 2632 998 2674 ἐγκυβερνήσει
1024 2632 1094 2664 St.:
1129 2630 1185 2662 ὅτε
1208 2630 1229 2672 ἧ
1258 2631 1451 2672 κυβερνῆσαι
1478 2630 1601 2661 Burb.:
1638 2627 1687 2659 ὅτ’

220 2685 453 2725 ἔγκυβερυῆσαι
477 2686 647 2717 ACLMN
676 2687 782 2718 Marc.
813 2686 894 2718 Fr.:
927 2690 1014 2726 ‘qua
1040 2684 1284 2726 gubementur’
1312 2682 1529 2714 Ambrosius:
1561 2679 1612 2720 ἥτ’
1635 2680 1688 2721 οἴη

218 2735 409 2776 κυβερνήσει
440 2737 718 2770 Schleiermacher
750 2738 822 2771 Cob.
876 2743 888 2777 Η
946 2736 1087 2777 πάντων]
1121 2734 1225 2767 πάντα
1253 2736 1288 2766 A
1337 2738 1350 2776 ΙΙ
1409 2741 1426 2774 7
1454 2732 1629 2774 ῥάπτεσθαι
1661 2733 1688 2763 O

223 2793 236 2828 ss
257 2789 276 2819 8
294 2789 452 2829 σβεννύην
467 2790 517 2821 L:
542 2789 711 2825 σβεννύναι
729 2791 769 2822 Μ
789 2790 862 2823 Cob.
901 2793 913 2828 11
960 2788 981 2828 ἢ
996 2788 1104 2830 πυρκ.]
1123 2787 1199 2829 ὑπὲρ
1215 2787 1306 2827 καϊὴν
1322 2788 1356 2818 Α
1397 2789 1409 2825 ΙΙ
1456 2795 1476 2827 9
1499 2788 1574 2826 post
1588 2783 1688 2822 νόμον

219 2840 296 2872 add.
329 2839 408 2880 ὑπὲρ
438 2841 497 2872 τοῦ
526 2841 702 2882 γενομένου
733 2843 784 2874 L:
824 2841 901 2882 ὑπὲρ
927 2841 986 2872 τοῦ
1014 2839 1185 2882 γινομένου
1214 2840 1290 2871 AM
1346 2842 1358 2877 ΙΙ
1413 2836 1545 2878 τείχεωε
1574 2835 1604 2867 L
1629 2835 1687 2867 Fr.

223 2895 234 2930 ΙΙ
256 2901 294 2923 10
310 2891 420 2933 ἑτέρον
435 2893 511 2924 AM
