1893 3230
791 216 893 246 ΠΕΡΙ
922 216 1102 247 ΦΥΣΕΩΣ.
1630 215 1646 248 1
1655 216 1676 250 7

877 338 1022 380 XLII.

209 415 515 470 ῨΠοταμοῖσι
565 424 685 463 τοῖσι
728 420 901 464 αὐτοῖσι
948 420 1230 477 ἐμβαίνουσιν
1270 422 1398 484 ἕτερα
1438 420 1507 466 καὶ
1548 422 1677 483 ἕτερα

204 489 342 537 ὕδατα
373 492 541 555 ἐπιρρεῖ
556 495 590 540 †.

856 557 1031 601 XLIII.

264 631 513 674 Aristoteles
539 632 641 675 Eth.
667 633 777 676 Eud.
803 635 875 676 vii.
907 648 943 685 1,
963 650 1004 689 p.
1031 644 1141 691 1235
1169 651 1194 677 α
1217 637 1297 679 26:
1331 637 1393 678 καὶ
1417 635 1677 689 Ἡράκλειτος

206 701 363 755 ἐπιτιμᾷ
384 701 434 757 τῷ
457 701 678 753 ποιήσαντι·
712 703 762 746 ὡς
791 703 869 756 ἔρις
892 706 934 746 ἔκ
956 721 998 745 τε
1026 707 1127 745 θεῶν
1153 705 1216 746 καὶ
1237 706 1453 757 ἀνθρώπων
1474 707 1674 747 ἀπόλοιτο

208 769 253 810 οὐ
273 770 349 823 γὰρ
371 769 419 811 ἂν
445 769 543 812 εἶναι
572 770 758 823 ἁρμονίαν
776 772 829 824 μὴ
851 774 963 816 ὄντος
994 772 1105 824 ὀξέος
1137 774 1199 814 καὶ
1229 773 1387 827 βαρέος,
1411 774 1499 816 οὐδὲ
1529 776 1576 815 τὰ
1600 775 1677 830 ζῷα

207 838 298 880 ἄνευ
319 837 460 890 θήλεος
483 839 544 880 καὶ
566 840 737 892 ἄρρενος,
763 842 949 883 ἐναντίων
971 843 1107 884 ὄντων.

205 977 358 1022 ποταμὸν
377 977 426 1012 δὶς
444 977 488 1022 μὴ
515 977 555 1011 ἂν
578 977 731 1023 ἐμβῆναι,
748 981 794 1026 τῷ
815 979 986 1024 ἐνδελεχεῖ
1009 982 1069 1014 τοῦ
1095 982 1250 1023 ποταμοῦ
1268 979 1330 1026 ῥοῇ
1352 979 1412 1024 τὴν
1429 979 1566 1027 γένεσιν
1583 979 1677 1014 ἀπει-

206 1040 392 1085 κάζων-ἶ,
425 1042 560 1089 308b:
595 1043 673 1079 τοὺς
702 1044 780 1090 περὶ
806 1042 1030 1090 Ἡράκλειτον
1059 1046 1297 1092 φυσιολόγους
1328 1072 1335 1079 .
1367 1072 1375 1080 .
1407 1073 1414 1079 .
1447 1072 1456 1081 .
1487 1045 1572 1080 εἰκός
1600 1044 1677 1079 ἐστι

206 1107 320 1153 λέγειν
339 1106 391 1141 ὅτι
411 1107 461 1141 ἀεὶ
480 1108 589 1142 πάντα
607 1107 661 1154 ῥεῖ
679 1109 731 1143 καὶ
751 1107 801 1142 ὅτι
822 1109 869 1144 εἷς
887 1110 945 1143 τὸν
964 1110 1064 1144 αὐτὸν
1082 1111 1234 1155 ποταμὸν
1254 1110 1303 1145 δὶς
1323 1111 1383 1144 οὐκ
1403 1110 1443 1144 ἂν
1463 1110 1678 1154 ἐμβαίης.-

205 1168 428 1219 *Georgius
448 1170 698 1219 Pachymeres
720 1171 823 1208 His‘c.
845 1185 879 1209 v.
905 1186 924 1209 2
932 1185 978 1220 32
1003 1173 1035 1209 B
1058 1175 1121 1220 (ex
1146 1172 1307 1210 Aristot.
1329 1173 1352 1209 l.
1368 1171 1424 1224 l.).
1444 1173 1635 1222 Bernays.

259 1243 357 1269 XLII.
388 1231 510 1270 Arius
539 1233 731 1283 Didymus
760 1246 819 1283 ap.
842 1234 979 1279 Euseb.
1007 1234 1051 1272 P.
1074 1235 1121 1272 E.
1147 1249 1209 1274 xv.
1239 1248 1298 1280 20,
1329 1248 1366 1284 p.
1393 1237 1495 1272 821:
1534 1237 1611 1282 περὶ
1640 1236 1676 1271 δέ

206 1301 325 1346 ψυχῆς
344 1299 518 1344 Κλεάνθης
536 1300 599 1344 μὲν
617 1300 658 1334 τὰ
680 1298 829 1345 Ζήνωνος
853 1301 1003 1347 δόγματα
1028 1302 1290 1348 παρατιθέμενος
1308 1303 1394 1348 πρὸς
1417 1300 1600 1349 σύγκρισιν
1617 1301 1678 1346 τὴν

205 1365 290 1411 πρὸς
317 1364 395 1400 τοὺς
418 1364 545 1400 ἅλλους
573 1364 742 1410 φυσικούς
770 1366 891 1411 φησιν,
924 1365 975 1400 ὅτι
1003 1365 1116 1411 Ζήνων
1134 1366 1193 1411 τὴν
1211 1366 1331 1412 ψυχὴν
1358 1366 1452 1413 λέγει
1480 1367 1677 1412 αἰσθητικὴν

207 1425 386 1480 [αἴσθησιν
414 1428 433 1474 ἢ
462 1428 568 1478 vulg.
591 1442 686 1466 corr.
707 1426 996 1482 Wellmannus]
1022 1432 1254 1477 ἀναθυμίασιν,
1275 1432 1423 1479 καθάπερ
1441 1431 1676 1478 εΗράκλειτος·

201 1496 410 1540 βουλόμενος
428 1495 493 1541 γὰρ
513 1495 699 1541 ἐμφανίσαι
727 1495 777 1530 ὅτι
807 1498 840 1531 αἱ
868 1497 982 1543 ψυχαὶ
1011 1497 1275 1542 ἀναθυμιώμεναι
1300 1498 1410 1544 νοεραὶ
1438 1497 1488 1532 ἀεὶ
1517 1498 1675 1544 γίνονται,

207 1558 341 1595 εἴκασεν
359 1561 462 1596 αὐτὰς
481 1562 551 1597 τοῖς
569 1563 734 1605 ποταμοῖς
752 1561 864 1608 λέγων
883 1560 1000 1597 οὕτως·
1039 1564 1231 1607 Ποταμοῖσι
1251 1563 1364 1596 τοῖσιν
1382 1562 1536 1596 αὐτοῖσιν
1556 1561 1675 1607 ἐμβαί-

207 1641 324 1661 νουσιν
343 1625 440 1673 ἕτερα
467 1627 519 1660 καὶ
542 1626 638 1672 ἕτερα
661 1625 764 1660 ὕδατα
791 1627 933 1673 ἐπιρρεῖ·
971 1628 1024 1661 καὶ
1044 1628 1160 1673 ψυχαὶ
1186 1627 1222 1661 δέ
1249 1627 1314 1662 ἀπὸ
1334 1630 1402 1661 τῶν
1421 1627 1533 1673 ὑγρῶν
1551 1626 1675 1662 ἀναθυ-

204 1695 353 1737 μιῶνται.
410 1691 633 1736 ἀναθυμίασιν
661 1691 722 1736 μὲν
751 1690 810 1725 οὖν
838 1691 960 1736 ὁμοίως
988 1694 1035 1739 τῷ
1058 1691 1270 1739 Ἡρακλείτῳ
1302 1690 1417 1737 (conf.
1439 1688 1606 1727 Aristot.
1628 1690 1675 1728 (le

205 1755 349 1793 Anima
368 1755 391 1792 i.
418 1768 451 1798 2,
473 1769 508 1805 p.
533 1766 609 1803 405
625 1769 648 1792 a
674 1753 740 1805 25)
761 1757 820 1801 τὴν
848 1757 968 1804 ψυχὴν
996 1757 1180 1802 ἀποφαίνει
1210 1755 1322 1801 Ζήνων
1351 1753 1425 1805 (est
1454 1754 1575 1804 igitur
1603 1755 1675 1793 hoc

205 1820 352 1858 dictum
379 1820 524 1857 Zenoni
553 1820 814 1866 tribuendum,
837 1820 982 1857 scilicet
1002 1819 1222 1857 Heraclitea
1241 1819 1358 1856 verba
1388 1819 1506 1856 libere
1536 1820 1676 1858 citanti

203 1886 319 1936 inque
345 1899 458 1924 suum
478 1899 590 1923 usum
615 1884 1102 1937 accommodanti)—Conf.
1126 1884 1265 1923 Sextus
1296 1885 1408 1934 Emp.
1429 1884 1564 1934 Pyrrh.
1585 1885 1673 1935 11η).

203 1951 257 1989 iil.
284 1962 381 2000 115:
422 1955 481 1988 τὸν
506 1955 568 1999 μὲν
594 1954 769 1988 Πλάτωνα
791 1953 874 1998 μηδὲ
904 1952 984 1987 ὅντα
1012 1952 1125 1999 λέγειν
1152 1952 1194 1986 τὰ
1223 1953 1368 1997 σώματα
1396 1952 1487 1986 ἀλλὰ
1516 1954 1674 1999 γινόμενα

202 2020 335 2064 μᾶλλον
353 2021 476 2060 καλεῖν,
497 2020 556 2054 τὸν
576 2019 611 2054 δὲ
629 2018 852 2066 εΗράκλειτον
880 2016 973 2064 ὀξείᾳ
1001 2020 1156 2063 ποταμοῦ
1184 2016 1282 2063 ῥύσει
1310 2017 1370 2062 τὴν
1398 2018 1588 2062 εὐκινησίαν
1616 2020 1675 2064 τῆς

204 2083 367 2131 ἡμετέρας
386 2082 468 2128 ὕλης
487 2084 685 2127 ἀπεικάζειν.

259 2158 376 2185 XLIII.
420 2148 649 2186 Plutarchus
684 2148 730 2186 de
764 2148 870 2185 Iside
905 2150 967 2195 48,
1002 2161 1038 2198 p.
1076 2157 1152 2196 370
1185 2146 1250 2198 (ad
1285 2148 1330 2185 fr.
1367 2147 1498 2185 XLIV
1533 2147 1674 2200 cit.)—

206 2212 428 2250 Chalcidius
456 2212 497 2249 in
517 2213 617 2251 Tim.
643 2224 744 2263 295:
781 2214 998 2251 Numenius
1027 2213 1162 2250 laudat
1190 2212 1437 2251 Heraclitum
1466 2213 1671 2262 reprehen—

203 2278 358 2315 dentem
393 2278 605 2316 Homerum
645 2278 711 2328 qui
751 2279 944 2328 optaverit
983 2278 1185 2316 interitum
1223 2292 1268 2316 ao
1300 2278 1522 2316 vastitatem
1560 2278 1673 2317 malis

203 2342 318 2389 vitae,
333 2343 437 2393 quod
457 2357 534 2381 non
554 2343 786 2393 intelligeret
805 2343 992 2381 mundum
1015 2343 1088 2380 sibi
1103 2343 1222 2380 deleri
1241 2342 1672 2393 placere—Simplicius

203 2408 243 2445 in
263 2408 388 2446 Arist.
410 2408 541 2458 Categ.
565 2423 601 2458 p.
629 2422 701 2456 104
724 2416 752 2444 Δ
773 2409 831 2446 ed.
853 2408 964 2446 Basil.
990 2406 1202 2460 (=Seholl.
1223 2408 1263 2445 in
1283 2408 1449 2446 Aristot.
1471 2411 1520 2445 88
1537 2410 1557 2445 l>
1581 2407 1671 2460 28):

202 2476 241 2510 οὗ
261 2474 532 2522 συγχωρήσουσι
552 2476 587 2510 δὲ
608 2475 686 2510 ὅσοι
715 2475 872 2510 τάναντία
900 2476 1007 2522 ἀρχὰς
1035 2475 1161 2516 ἔθεντο,
1182 2474 1216 2510 οἵ
1238 2491 1275 2510 τε
1304 2476 1404 2510 ἄλλοι
1433 2476 1484 2510 καὶ
1513 2477 1545 2510 οἱ
1563 2475 1671 2522 (Ηρα-

202 2541 368 2575 κλείτειοι·
409 2541 438 2575 εἶ
465 2542 531 2588 γὰρ
556 2542 595 2575 τὸ
619 2541 732 2588 ἕτερον
749 2544 815 2575 τῶν
834 2541 989 2576 ε’ναντίων
1009 2540 1194 2587 ἐπιλείψει,
1215 2539 1343 2587 οἴχοιτο
1363 2541 1403 2575 ἂν
1421 2541 1529 2575 πάντα
1548 2540 1670 2587 ἀφανι-

203 2605 337 2642 σθέντα.
396 2606 446 2641 διὸ
462 2607 514 2641 καὶ
527 2606 696 2652 μέμφεται
710 2609 756 2655 τῷ
776 2605 911 2654 Ὁμήρῳ
925 2605 1149 2652 (Ἡράκλειτος
1164 2606 1300 2641 εἰπόντι·
1331 2607 1374 2642 ὡς
1393 2606 1461 2652 ἕρις
1477 2607 1512 2640 ἕκ
1530 2621 1566 2641 τε
1587 2606 1672 2642 θεῶν

204 2671 239 2705 ἔκ
258 2670 286 2705 τ’
306 2670 490 2718 ἀνθρώπων
508 2671 683 2707 ἀπόλοιτο·
715 2670 918 2718 οἶχήσεσθαι
943 2671 1009 2718 γάρ
1033 2672 1122 2717 φησι
1148 2669 1438 2707 waima—schol.
1460 2669 1555 2707 Ven.
1582 2668 1669 2721 (A.)

203 2734 251 2771 ad
271 2734 316 2771 Il.
338 2734 443 2772 xviii.
471 2744 542 2784 107
562 2751 570 2773 ε
600 2736 822 2784 Ἡράκλειτος
848 2737 908 2780 τὴν
935 2740 1002 2771 τῶν
1025 2736 1129 2770 ὅντων
1155 2735 1264 2781 φύσιν
1283 2735 1352 2770 κατ’
1373 2737 1444 2781 ἕριν
1468 2736 1671 2771 συνεστάναι

205 2801 345 2845 νομίζων
367 2802 536 2846 μέμφεται
551 2802 714 2849 ”Ομηρον,
736 2800 912 2849 σύγχυσιν
937 2803 1066 2846 κόσμου
1096 2801 1202 2835 δοκῶν
1227 2802 1327 2836 αὐτὸν
1355 2801 1528 2847 εὔχεσθαι.
1584 2802 1670 2848 πρὸς

205 2863 243 2899 ὃν
271 2865 311 2898 ἅν
334 2880 384 2902 τις
413 2864 500 2901 εἴποι
528 2865 579 2901 ὅτι
608 2867 646 2901 οὐ
675 2866 768 2913 λέγει
797 2869 855 2901 νῦν
882 2866 942 2911 τὴν
970 2866 1163 2901 ἐναντίωσιν
1187 2866 1257 2913 ἔριν
1285 2866 1375 2900 ἀλλὰ
1403 2866 1463 2910 τὴν
1490 2865 1670 2911 ἔχθραν-

205 2927 434 2966 Eustathius
462 2929 510 2967 ad
538 2929 585 2968 ΙΙ.
616 2929 722 2968 xviii.
747 2938 834 2977 107,
863 2943 900 2979 p.
927 2942 1042 2978 1133,
1065 2931 1138 2978 56:
1181 2931 1234 2966 διὸ
1263 2932 1294 2966 οἱ
1321 2931 1460 2966 παλαιοί
1487 2933 1597 2977 φασιν
1625 2931 1670 2968 ὡς

926 3005 948 3034 C
