1893 3230
242 231 264 266 2
722 237 1003 267 HPAKAEITOY
1033 237 1220 268 ΕΦΕΣΙΟΥ

239 352 338 402 τοὺς
363 350 406 397 δὲ
431 351 590 402 ἄλλους
623 353 870 416 ἀνθρώπους
902 352 1100 400 λανθάνει
1134 354 1271 400 ὁκόσα
1302 354 1552 417 ἐγερθὲντες
1582 354 1700 399 ποιέ-

239 447 347 481 ουσι,
372 427 571 489 ὅκωσπερ
597 428 732 472 ὁκόσα
759 427 947 477 εὕδοντες
969 427 1346 475 ἐπιλανθάνονται.

925 559 1013 600 ΙΙΙ.

232 642 461 704 Ἀξύνετοι
499 645 757 695 ἀκούσαντες
785 651 974 709 κωφοῖσι
1006 648 1182 693 ἐοίκασι·
1222 646 1360 710 φάτις
1393 649 1563 693 αὐτοῖσι
1588 667 1699 709 μαρ-

236 722 374 785 ’Τϋρέδί
401 723 646 785 παρεόντας
671 724 837 769 ἀπεῖναι
847 760 854 768 .

231 872 405 915 πρότερον,
428 868 499 904 οἷον
518 871 554 904 ἐν
572 873 612 914 τῇ
638 871 726 917 ἀρχῇ
753 872 855 906 αὐτοῦ
880 874 940 906 τοῦ
965 873 1239 918 συγγράμματος.
1270 873 1362 917 φησὶ
1386 873 1464 918 γάρ·
1494 873 1562 905 Τοῦ
1588 873 1695 918 λόγου

230 936 292 968 τοῦ
320 934 454 971 δέοντος
480 934 531 970 ἀεὶ
560 935 713 979 ἀξύνετοι
741 935 910 982 ἅνθρωποι
939 937 1097 982 γίνονται·
1132 936 1258 981 ἄδηλον
1285 937 1350 983 γὰρ
1376 938 1415 972 τὸ
1440 936 1492 971 ἀεί
1511 932 1593 987 [alei
1611 935 1692 974 cod.

229 997 313 1034 Par.
343 994 464 1050 1741]
493 1000 578 1046 πρὸς
605 1000 736 1048 ποτέρῳ
765 1001 816 1035 δεῖ
844 1000 958 1044 στίξαι
988 997 1108 1052 [xvlg.
1140 999 1309 1045 διαστίξαι
1339 1013 1434 1037 corr.
1466 995 1694 1052 Bekker]—-

231 1062 371 1101 Sextus
391 1062 539 1113 Empir.
560 1064 646 1102 adv.
668 1063 788 1101 Math.
809 1064 872 1101 vii.
899 1077 996 1113 132:
1028 1066 1250 1113 ἐναρχόμενος
1269 1070 1351 1113 γοῦν
1373 1070 1439 1102 τῶν
1457 1067 1536 1113 περὶ
1554 1065 1695 1113 φύσεως

230 1131 248 1164 ὁ
281 1128 519 1176 προειρημένος
551 1130 643 1177 ἀνήρ,
673 1133 724 1166 καὶ
755 1132 881 1177 τρόπον
908 1132 981 1165 τινὰ
1010 1131 1137 1168 δεικνὺς
1168 1132 1207 1166 τὸ
1239 1132 1408 1178 περιέχον,
1438 1131 1537 1178 φησί·
1581 1134 1694 1179 Λόγου

228 1195 328 1230 τοῦδε
353 1197 465 1232 ἐόντος
487 1195 641 1240 ἀξύνετοι
665 1197 836 1243 γίγνονται
861 1196 1032 1242 ἅνθρωποι
1055 1198 1108 1231 καὶ
1133 1197 1284 1243 πρόσθεν
1302 1197 1321 1241 ἢ
1342 1197 1484 1232 ἀκοῦσαι
1512 1197 1565 1231 καὶ
1593 1197 1693 1232 ἀκού-

229 1275 351 1296 σαντες
378 1262 416 1295 τὸ
444 1264 588 1307 πρῶτον.
631 1261 813 1308 γινομένων
839 1262 906 1308 γὰρ
935 1263 1017 1296 κατὰ
1046 1263 1104 1296 τὸν
1131 1263 1236 1308 λόγον
1268 1262 1363 1297 τόνδε
1397 1262 1530 1308 ἄπειροι
1563 1262 1696 1297 ἐοίκασι

228 1327 426 1373 πειρώμενοι
455 1326 561 1362 ἐπέων
590 1328 641 1361 καὶ
670 1328 778 1373 ἔργων
810 1326 970 1362 τοιούτων
1002 1327 1120 1362 ὁκοίων
1152 1327 1218 1374 ἐγὼ
1253 1328 1436 1374 διηγεῦμαι,
1467 1329 1549 1362 κατὰ
1585 1326 1695 1374 φύσιν

228 1391 382 1438 διαιρέων
419 1391 561 1427 ἕκαστον
598 1391 651 1428 καὶ
689 1392 826 1438 φράζων
863 1391 947 1428 ὅκως
983 1392 1064 1438 ἕχει.
1139 1392 1217 1428 τοὺς
1256 1393 1293 1426 δὲ
1331 1392 1461 1429 ἄλλους
1498 1392 1695 1438 ἀνθρώπους

228 1457 384 1492 λανθάνει
421 1459 527 1492 ὁκόσα
565 1457 756 1504 ἐγερθέντες
792 1460 961 1498 ποιοῦσιν,
1001 1456 1157 1502 ὅκωσπερ
1189 1459 1296 1492 ὁκόσα
1329 1456 1483 1494 εὕδοντες
1515 1457 1694 1492 ἐπιλανθά-

229 1520 570 1559 vovum—Clemens
598 1520 709 1558 Alex.
741 1520 879 1559 Strom.
911 1534 946 1557 v.
974 1534 1032 1567 14,
1063 1534 1097 1570 p.
1123 1522 1199 1568 716
1231 1519 1438 1573 (=Euseb.
1471 1521 1513 1557 P.
1536 1521 1581 1559 E.
1608 1519 1690 1558 xiii.

233 1597 292 1633 13,
316 1598 351 1635 p.
376 1583 488 1635 680):
520 1587 672 1633 ἄντικρυς
700 1588 736 1622 δέ
764 1590 782 1621 6
810 1588 871 1631 μὲν
898 1587 1131 1633 εΗράκλειτος,
1159 1590 1226 1621 Τοῦ
1253 1588 1359 1633 λόγου
1388 1589 1448 1621 τοῦ
1477 1587 1610 1623 δέοντος
1638 1587 1691 1622 ἀεί

233 1647 318 1701 [αιέί
333 1648 504 1703 Euseb.],
525 1653 644 1699 φησίν,
664 1651 818 1696 ἀξύνετοι
846 1652 1016 1699 γίγνονται
1045 1652 1214 1698 ἅνθρωποι
1242 1653 1294 1686 καὶ
1323 1651 1476 1698 πρόσθεν
1502 1651 1522 1696 ἢ
1548 1652 1693 1687 ἀκοῦσαι

229 1717 281 1751 καὶ
309 1715 513 1754 ἀκούσαντες
540 1719 579 1752 τὸ
604 1716 1035 1767 πρῶτον-ΗῙΡΡΟῙῩΗΙΞ
1059 1717 1142 1755 Ref.
1168 1716 1270 1754 haer.
1293 1716 1344 1754 ix.
1372 1729 1418 1765 9:
1450 1717 1501 1752 ὅτι
1528 1718 1564 1752 δέ
1590 1719 1695 1765 λόγος

229 1780 323 1817 ἐστὶν
342 1782 393 1817 ἀεὶ
412 1783 451 1817 τὸ
471 1785 537 1818 πᾶν
557 1784 609 1818 καὶ
629 1784 682 1818 διὰ
701 1785 826 1819 παντὸς
845 1783 900 1828 ὥν,
922 1783 1027 1821 οὕτως
1046 1783 1150 1830 λέγει·
1195 1786 1264 1818 Τοῦ
1283 1783 1320 1818 δὲ
1339 1785 1446 1830 λόγου
1472 1786 1534 1818 τοῦ
1560 1783 1694 1820 δέοντος

227 1847 278 1882 ἀεὶ
306 1847 460 1891 ἀξύνετοι
488 1847 636 1895 γίνονται
663 1849 832 1894 ἅνθρωποι
861 1850 913 1883 καὶ
940 1849 1092 1895 πρόσθεν
1119 1849 1138 1893 ἢ
1168 1849 1312 1884 ἀκοῦσαι
1342 1849 1394 1883 καὶ
1423 1847 1626 1884 ἀκούσαντες
1653 1849 1693 1883 τὸ

227 1916 373 1959 πρῶτον.
427 1914 609 1960 γινομένων
627 1914 692 1960 γὰρ
712 1915 845 1948 πάντων
864 1915 946 1948 κατὰ
965 1915 1022 1948 τὸν
1040 1915 1146 1961 λόγον
1169 1914 1266 1949 τόνδε
1291 1913 1423 1960 ἄπειροι
1449 1913 1536 1948 εἷσὶν
1561 1913 1694 1950 ἐοίκασι

229 1979 427 2024 πειρώμενοι
456 1979 509 2013 καὶ
536 1978 643 2014 ε’πέων
671 1978 724 2013 καὶ
753 1978 860 2025 ἔργων
889 1979 1066 2014 τοιουτέων
1095 1980 1196 2014 ὁποῖα
1226 1979 1292 2025 ἐγὼ
1325 1979 1508 2025 ὃιηγεῦμαι,
1540 1978 1694 2025 διαιρέων

229 2044 311 2078 κατὰ
339 2043 448 2089 φύσιν
476 2044 528 2078 καὶ
557 2044 695 2090 φράζων
724 2043 808 2080 ὅκως
835 2042 1141 2089 ἕχει-ΑΚΒΘΗΠΞ
1171 2055 1231 2092 ap·
1262 2042 1400 2079 Euseb.
1426 2041 1466 2080 P.
1481 2041 1524 2079 E.
1550 2041 1602 2079 Xi.
1629 2055 1689 2091 19,

226 2120 264 2157 p.
288 2117 364 2155 540
386 2106 588 2158 (=Oyrill.
609 2121 637 2145 c.
660 2107 733 2145 Iul.
750 2105 832 2153 viii,
856 2111 929 2156 283
948 2107 1010 2155 D3
1041 2107 1266 2145 Theodoret.
1286 2107 1448 2156 Therap.
1472 2106 1514 2143 ii.
1536 2119 1573 2156 p.
1599 2105 1687 2157 33):

230 2174 283 2208 καὶ
303 2173 433 2210 οὕτως’
418 2174 482 2221 α’ρα
503 2173 577 2218 ἦν
561 2190 578 2209 ο
604 2175 708 2220 λόγος
731 2173 802 2209 καθ’
825 2173 861 2209 ὃν
880 2175 943 2209 αἰεὶ
963 2174 1042 2209 όντα
1061 2175 1102 2209 τὰ
1121 2177 1279 2221 γινόμενα
1298 2174 1438 2220 ἐγίνετο,
1460 2174 1505 2210 ὡς
1535 2173 1574 2208 ἂν
1593 2173 1646 2208 καὶ
1673 2175 1692 2208 ὁ

228 2240 449 2285 Ἡράκλειτος
470 2237 832 2287 ἀξιώσειε-Βθερὶο.
854 2237 968 2275 Philo
997 2237 1095 2285 Quis
1120 2251 1193 2276 rer
1215 2238 1292 2275 div.
1313 2237 1415 2276 haer.
1438 2251 1498 2286 43,
1519 2250 1556 2286 p.
1580 2246 1689 2285 505:

228 2319 265 2339 εν
291 2306 357 2351 γὰρ
385 2305 424 2339 τὸ
451 2305 489 2349 ἐξ
511 2304 640 2351 ἀμφοῖν
659 2309 725 2340 τῶν
744 2301 910 2346 ἐναντίων,
932 2304 971 2339 οὗ
997 2304 1179 2350 τμηθέντος
1203 2305 1354 2351 γνώριμα
1380 2304 1421 2338 τὰ
1455 2303 1691 2340 ἐναντία.οὔ

227 2368 318 2403 τοῦτ’
338 2370 442 2414 ἔστιν,
463 2369 483 2404 ὅ
501 2371 611 2416 φασιν
620 2369 787 2414 ’Έλληνες
804 2370 863 2404 τὸν
880 2369 985 2416 μέγαν
1004 2370 1056 2404 καὶ
1075 2369 1228 2414 ἀοίδιμον
1246 2368 1323 2415 παρ’
1341 2370 1453 2404 αυτοῖς
1464 2368 1687 2415 “Ηράκλειτον

226 2434 412 2479 κεφάλαιον
425 2436 483 2479 τῆς
501 2435 605 2469 αὐτοῦ
620 2436 901 2481 προστησάμενον
916 2433 1133 2481 φιλοσοφίας
1152 2435 1268 2479 αὐχεῖν
1283 2435 1327 2470 ὡς
1346 2433 1402 2480 ἐφ’
1416 2433 1549 2479 εὑρέσει
1569 2435 1662 2477 καινῇ
1675 2445 1686 2478 3

226 2497 446 2535 —Ioannes
476 2498 584 2535 Sicel.
613 2498 652 2534 in
673 2498 795 2536 Walz.
823 2498 954 2536 Rhett.
975 2497 1043 2535 Gr.
1063 2497 1113 2535 vi.
1135 2511 1170 2547 p.
1195 2507 1244 2546 95
1264 2512 1270 2534 :
1312 2499 1363 2533 διὸ
1392 2498 1443 2533 καὶ
1462 2497 1687 2544 Ἡράκλειτος

226 2565 244 2597 ὁ
264 2564 412 2609 φυσικὸς
430 2565 468 2598 τὸ
488 2563 577 2599 διατί
603 2565 713 2611 θηρῶν
741 2564 912 2609 ἀνατέμνει
941 2565 1022 2599 κατὰ
1049 2565 1154 2609 μέλος
1181 2565 1220 2598 τὸ
1250 2565 1332 2607 ζῶον
1361 2563 1581 2609 ἐρωτώμενος·
1612 2562 1686 2597 ἐπεὶ

228 2629 298 2674 ἔχω
317 2630 376 2663 τὸν
396 2629 596 2664 διδάσκοντα
619 2644 660 2674 με
684 2630 743 2674 τὴν
763 2629 871 2675 φύσιν
894 2633 960 2664 τῶν
979 2629 1094 2675 ὅντων,
1114 2629 1313 2676 ἀπεκρίνατο
1340 2626 1685 2675 (narratiunculam

228 2705 248 2729 e
268 2696 397 2729 nostro
417 2692 631 2742 fragmento
653 2698 776 2730 ortam
795 2692 919 2742 puto).
1716 2735 1718 2737 ,

281 2774 342 2800 111.
383 2762 558 2800 Clemens
586 2762 697 2802 Alex.
726 2762 867 2801 Strom.
897 2777 930 2800 v.
968 2775 1025 2809 14,
1056 2776 1094 2811 p.
1125 2765 1200 2810 718
1233 2761 1446 2813 (=Euseb.
1473 2761 1512 2798 P.
1535 2760 1579 2798 E.
1601 2761 1686 2798 xiii.

233 2840 292 2876 13,
312 2840 347 2876 p.
371 2826 490 2877 681):
521 2829 580 2863 κᾶν
599 2831 637 2864 τὸ
662 2829 763 2875 ῥητὸν
791 2830 894 2864 ἐκεῖνο
922 2829 1099 2876 ἀναγαγεῖν
1127 2828 1246 2873 ἐθέλῃς
1275 2830 1316 2863 ‘6
1345 2829 1432 2874 ἔχων
1461 2827 1528 2863 ὦτα
1556 2827 1687 2864 ἀκούειν

271 2962 324 2985 111.
349 2954 503 2994 κωφοΐσιν
519 2954 610 2986 codd.
630 2953 765 2985 Eusebii
816 2959 827 2992 Η
848 2952 970 2985 ἀπιέναι
993 2953 1062 2985 cod.
1083 2953 1272 2986 Clementis.
