<?xml version="1.0" encoding="UTF-8"?>
<!DOCTYPE html PUBLIC "-//W3C//DTD XHTML 1.0 Transitional//EN"
    "http://www.w3.org/TR/xhtml1/DTD/xhtml1-transitional.dtd">
<html xmlns="http://www.w3.org/1999/xhtml" xml:lang="en" lang="en">
 <head>
  <title>
</title>
<meta http-equiv="Content-Type" content="text/html;charset=utf-8" />
  <meta name='ocr-system' content='tesseract 3.04.00' />
  <meta name='ocr-capabilities' content='ocr_page ocr_carea ocr_par ocr_line ocrx_word'/>
</head>
<body>
  <div class='ocr_page' id='page_1' title='image "./reliquiaerecensu00herauoft_0069.png"; bbox 0 0 1893 3230; ppageno 0'>
   <div class='ocr_carea' id='block_1_1' title="bbox 770 172 1655 207">
    <p class='ocr_par' dir='ltr' id='par_1_1' title="bbox 770 172 1655 207">
     <span class='ocr_line' id='line_1_1' title="bbox 770 172 1655 207; baseline 0.005 -4"><span class='ocrx_word' id='word_1_1' title='bbox 770 175 873 204; x_wconf 81' lang='grc' dir='ltr'>ΠΕΡΙ</span> <span class='ocrx_word' id='word_1_2' title='bbox 904 175 1085 205; x_wconf 82' lang='grc' dir='ltr'><strong>ΦΥΣΕΩΣ.</strong></span> <span class='ocrx_word' id='word_1_3' title='bbox 1610 172 1655 207; x_wconf 87' lang='grc'>51</span> 
     </span>
    </p>
   </div>
   <div class='ocr_carea' id='block_1_2' title="bbox 725 361 1117 411">
    <p class='ocr_par' dir='ltr' id='par_1_2' title="bbox 725 361 1117 411">
     <span class='ocr_line' id='line_1_2' title="bbox 725 361 1117 411; baseline -0.003 0"><span class='ocrx_word' id='word_1_4' title='bbox 725 361 1117 411; x_wconf 79' lang='lat' dir='ltr'>SPURIA.</span> 
     </span>
    </p>
   </div>
   <div class='ocr_carea' id='block_1_3' title="bbox 821 507 1023 549">
    <p class='ocr_par' dir='ltr' id='par_1_3' title="bbox 821 507 1023 549">
     <span class='ocr_line' id='line_1_3' title="bbox 821 507 1023 549; baseline 0 -1"><span class='ocrx_word' id='word_1_5' title='bbox 821 507 1023 549; x_wconf 87' lang='lat' dir='ltr'>CXXXI.</span> 
     </span>
    </p>
   </div>
   <div class='ocr_carea' id='block_1_4' title="bbox 247 595 1604 726">
    <p class='ocr_par' dir='ltr' id='par_1_4' title="bbox 247 595 1604 726">
     <span class='ocr_line' id='line_1_4' title="bbox 247 595 1604 652; baseline 0.002 -16"><span class='ocrx_word' id='word_1_6' title='bbox 247 595 375 651; x_wconf 81' lang='lat' dir='ltr'><strong>Diog.</strong></span> <span class='ocrx_word' id='word_1_7' title='bbox 399 595 540 638; x_wconf 69' lang='lat' dir='ltr'><strong>Laerb.</strong></span> <span class='ocrx_word' id='word_1_8' title='bbox 562 596 620 638; x_wconf 80' lang='lat' dir='ltr'>ix.</span> <span class='ocrx_word' id='word_1_9' title='bbox 645 606 666 650; x_wconf 92' lang='lat'><em>7</em></span> <span class='ocrx_word' id='word_1_10' title='bbox 686 612 694 640; x_wconf 74' lang='grc' dir='ltr'><strong>Ζ</strong></span> <span class='ocrx_word' id='word_1_11' title='bbox 727 597 856 639; x_wconf 84' lang='grc' dir='ltr'>πάντα</span> <span class='ocrx_word' id='word_1_12' title='bbox 876 602 1022 652; x_wconf 80' lang='grc' dir='ltr'>ψυχῶν</span> <span class='ocrx_word' id='word_1_13' title='bbox 1044 598 1142 639; x_wconf 74' lang='grc' dir='ltr'>εἶναι</span> <span class='ocrx_word' id='word_1_14' title='bbox 1164 598 1227 639; x_wconf 87' lang='grc' dir='ltr'>καὶ</span> <span class='ocrx_word' id='word_1_15' title='bbox 1249 599 1443 650; x_wconf 74' lang='grc' dir='ltr'>δαιμόνων</span> <span class='ocrx_word' id='word_1_16' title='bbox 1463 597 1604 652; x_wconf 85' lang='grc' dir='ltr'>πλήρη.</span> 
     </span>
     <span class='ocr_line' id='line_1_5' title="bbox 303 673 1362 726; baseline 0.004 -15"><span class='ocrx_word' id='word_1_17' title='bbox 303 674 396 713; x_wconf 85' lang='lat' dir='ltr'><strong>=fr.</strong></span> <span class='ocrx_word' id='word_1_18' title='bbox 420 684 467 723; x_wconf 90' lang='lat'>52</span> <span class='ocrx_word' id='word_1_19' title='bbox 491 673 686 714; x_wconf 78' lang='lat' dir='ltr'><strong>Schuster.</strong></span> <span class='ocrx_word' id='word_1_20' title='bbox 705 690 712 714; x_wconf 92' lang='lat'>:</span> <span class='ocrx_word' id='word_1_21' title='bbox 743 676 841 714; x_wconf 85' lang='lat' dir='ltr'><strong>conf.</strong></span> <span class='ocrx_word' id='word_1_22' title='bbox 865 675 1193 715; x_wconf 80' lang='lat' dir='ltr'>Schleiermacher</span> <span class='ocrx_word' id='word_1_23' title='bbox 1211 689 1248 726; x_wconf 92' lang='lat' dir='ltr'>p.</span> <span class='ocrx_word' id='word_1_24' title='bbox 1271 686 1362 725; x_wconf 91' lang='lat'><strong>495.</strong></span> 
     </span>
    </p>
   </div>
   <div class='ocr_carea' id='block_1_5' title="bbox 805 811 1036 852">
    <p class='ocr_par' dir='ltr' id='par_1_5' title="bbox 805 811 1036 852">
     <span class='ocr_line' id='line_1_6' title="bbox 805 811 1036 852; baseline 0 0"><span class='ocrx_word' id='word_1_25' title='bbox 805 811 1036 852; x_wconf 88' lang='lat' dir='ltr'>CXXXII.</span> 
     </span>
    </p>
   </div>
   <div class='ocr_carea' id='block_1_6' title="bbox 244 899 1436 956">
    <p class='ocr_par' dir='ltr' id='par_1_6' title="bbox 244 899 1436 956">
     <span class='ocr_line' id='line_1_7' title="bbox 244 899 1436 956; baseline 0.002 -15"><span class='ocrx_word' id='word_1_26' title='bbox 244 899 373 956; x_wconf 80' lang='lat' dir='ltr'>Diog.</span> <span class='ocrx_word' id='word_1_27' title='bbox 397 900 538 944; x_wconf 65' lang='lat' dir='ltr'>Laerb.</span> <span class='ocrx_word' id='word_1_28' title='bbox 561 902 618 943; x_wconf 84' lang='lat' dir='ltr'>ix.</span> <span class='ocrx_word' id='word_1_29' title='bbox 643 912 665 955; x_wconf 92' lang='lat'><strong><em>7</em></strong></span> <span class='ocrx_word' id='word_1_30' title='bbox 686 920 694 946; x_wconf 92' lang='lat'><strong>:</strong></span> <span class='ocrx_word' id='word_1_31' title='bbox 723 902 793 955; x_wconf 86' lang='grc' dir='ltr'>τήν</span> <span class='ocrx_word' id='word_1_32' title='bbox 813 920 855 945; x_wconf 87' lang='grc' dir='ltr'>τε</span> <span class='ocrx_word' id='word_1_33' title='bbox 878 904 1007 955; x_wconf 85' lang='grc' dir='ltr'>οἴησιν</span> <span class='ocrx_word' id='word_1_34' title='bbox 1030 902 1137 956; x_wconf 77' lang='grc' dir='ltr'>ἱερὰν</span> <span class='ocrx_word' id='word_1_35' title='bbox 1161 903 1284 944; x_wconf 84' lang='grc' dir='ltr'>νόσον</span> <span class='ocrx_word' id='word_1_36' title='bbox 1306 902 1436 956; x_wconf 83' lang='grc' dir='ltr'>ἔλεγε.</span> 
     </span>
    </p>
   </div>
   <div class='ocr_carea' id='block_1_7' title="bbox 239 979 1652 1080">
    <p class='ocr_par' dir='ltr' id='par_1_7' title="bbox 239 979 1652 1080">
     <span class='ocr_line' id='line_1_8' title="bbox 299 979 1652 1031; baseline 0.003 -17"><span class='ocrx_word' id='word_1_37' title='bbox 299 979 394 1016; x_wconf 85' lang='lat' dir='ltr'><strong>=fr.</strong></span> <span class='ocrx_word' id='word_1_38' title='bbox 415 980 464 1028; x_wconf 92' lang='lat'>65</span> <span class='ocrx_word' id='word_1_39' title='bbox 483 979 583 1019; x_wconf 79' lang='lat' dir='ltr'><strong>Schl.</strong></span> <span class='ocrx_word' id='word_1_40' title='bbox 593 994 604 1028; x_wconf 78' lang='lat'><em>3</em></span> <span class='ocrx_word' id='word_1_41' title='bbox 628 994 677 1030; x_wconf 86' lang='lat'>33</span> <span class='ocrx_word' id='word_1_42' title='bbox 696 981 868 1019; x_wconf 77' lang='lat' dir='ltr'><strong>Schust.:</strong></span> <span class='ocrx_word' id='word_1_43' title='bbox 890 995 924 1019; x_wconf 90' lang='lat' dir='ltr'>v.</span> <span class='ocrx_word' id='word_1_44' title='bbox 942 984 1072 1019; x_wconf 84' lang='lat' dir='ltr'>tamen</span> <span class='ocrx_word' id='word_1_45' title='bbox 1092 980 1226 1018; x_wconf 79' lang='lat' dir='ltr'>Floril.</span> <span class='ocrx_word' id='word_1_46' title='bbox 1248 980 1401 1019; x_wconf 83' lang='lat' dir='ltr'>Monac.</span> <span class='ocrx_word' id='word_1_47' title='bbox 1421 989 1508 1030; x_wconf 83' lang='lat'>195,</span> <span class='ocrx_word' id='word_1_48' title='bbox 1523 994 1560 1031; x_wconf 84' lang='lat' dir='ltr'>p.</span> <span class='ocrx_word' id='word_1_49' title='bbox 1579 982 1652 1019; x_wconf 82' lang='lat'>282</span> 
     </span>
     <span class='ocr_line' id='line_1_9' title="bbox 239 1040 407 1080; baseline 0 -1"><span class='ocrx_word' id='word_1_50' title='bbox 239 1040 407 1080; x_wconf 80' lang='lat' dir='ltr'>Meinek.</span> 
     </span>
    </p>
   </div>
   <div class='ocr_carea' id='block_1_8' title="bbox 792 1134 1049 1177">
    <p class='ocr_par' dir='ltr' id='par_1_8' title="bbox 792 1134 1049 1177">
     <span class='ocr_line' id='line_1_10' title="bbox 792 1134 1049 1177; baseline 0.008 -2"><span class='ocrx_word' id='word_1_51' title='bbox 792 1134 1049 1177; x_wconf 83' lang='lat' dir='ltr'>CXXXIII,</span> 
     </span>
    </p>
   </div>
   <div class='ocr_carea' id='block_1_9' title="bbox 183 1223 1656 1417">
    <p class='ocr_par' dir='ltr' id='par_1_9' title="bbox 183 1223 1656 1417">
     <span class='ocr_line' id='line_1_11' title="bbox 241 1223 1656 1279; baseline 0.001 -15"><span class='ocrx_word' id='word_1_52' title='bbox 241 1223 490 1278; x_wconf 82' lang='lat' dir='ltr'>Apollonius</span> <span class='ocrx_word' id='word_1_53' title='bbox 506 1225 642 1279; x_wconf 72' lang='lat' dir='ltr'>Epist.</span> <span class='ocrx_word' id='word_1_54' title='bbox 664 1225 739 1266; x_wconf 87' lang='lat'>18:</span> <span class='ocrx_word' id='word_1_55' title='bbox 758 1223 1020 1278; x_wconf 84' lang='grc' dir='ltr'>Ἡράκλειτος</span> <span class='ocrx_word' id='word_1_56' title='bbox 1041 1225 1061 1266; x_wconf 98' lang='lat'><em>6</em></span> <span class='ocrx_word' id='word_1_57' title='bbox 1078 1224 1246 1278; x_wconf 83' lang='grc' dir='ltr'>φυσικὸς</span> <span class='ocrx_word' id='word_1_58' title='bbox 1266 1224 1418 1278; x_wconf 81' lang='grc' dir='ltr'>ἄλογον</span> <span class='ocrx_word' id='word_1_59' title='bbox 1439 1223 1536 1266; x_wconf 75' lang='grc' dir='ltr'>εἶναι</span> <span class='ocrx_word' id='word_1_60' title='bbox 1558 1227 1656 1266; x_wconf 77' lang='grc' dir='ltr'>κατὰ</span> 
     </span>
     <span class='ocr_line' id='line_1_12' title="bbox 183 1294 1654 1347; baseline 0.002 -13"><span class='ocrx_word' id='word_1_61' title='bbox 183 1294 309 1346; x_wconf 89' lang='grc' dir='ltr'>φύσιν</span> <span class='ocrx_word' id='word_1_62' title='bbox 325 1294 451 1347; x_wconf 80' lang='grc' dir='ltr'>ἔφησε</span> <span class='ocrx_word' id='word_1_63' title='bbox 467 1294 536 1336; x_wconf 82' lang='grc' dir='ltr'>τὸν</span> <span class='ocrx_word' id='word_1_64' title='bbox 552 1294 771 1347; x_wconf 82' lang='grc' dir='ltr'>ἄνθρωπον.</span> <span class='ocrx_word' id='word_1_65' title='bbox 804 1296 837 1336; x_wconf 85' lang='grc' dir='ltr'>εἰ</span> <span class='ocrx_word' id='word_1_66' title='bbox 854 1295 895 1336; x_wconf 81' lang='grc' dir='ltr'>δὲ</span> <span class='ocrx_word' id='word_1_67' title='bbox 911 1298 1026 1335; x_wconf 85' lang='grc' dir='ltr'>τοῦτο</span> <span class='ocrx_word' id='word_1_68' title='bbox 1045 1294 1204 1345; x_wconf 84' lang='grc' dir='ltr'>ἀληθές,</span> <span class='ocrx_word' id='word_1_69' title='bbox 1219 1294 1352 1347; x_wconf 81' lang='grc' dir='ltr'>ὥσπερ</span> <span class='ocrx_word' id='word_1_70' title='bbox 1371 1294 1480 1335; x_wconf 78' lang='grc' dir='ltr'>ἐστὶν</span> <span class='ocrx_word' id='word_1_71' title='bbox 1495 1295 1654 1346; x_wconf 82' lang='grc' dir='ltr'>ἀληθές,</span> 
     </span>
     <span class='ocr_line' id='line_1_13' title="bbox 185 1363 1563 1417; baseline 0.001 -14"><span class='ocrx_word' id='word_1_72' title='bbox 185 1363 510 1416; x_wconf 84' lang='grc' dir='ltr'>ἐγκαλυπτέος</span> <span class='ocrx_word' id='word_1_73' title='bbox 542 1364 742 1406; x_wconf 83' lang='grc' dir='ltr'>ἕκαστος</span> <span class='ocrx_word' id='word_1_74' title='bbox 773 1365 793 1404; x_wconf 91' lang='lat'><em>6</em></span> <span class='ocrx_word' id='word_1_75' title='bbox 823 1365 1035 1416; x_wconf 81' lang='grc' dir='ltr'>ματαίως</span> <span class='ocrx_word' id='word_1_76' title='bbox 1065 1366 1111 1406; x_wconf 84' lang='grc' dir='ltr'>ἐν</span> <span class='ocrx_word' id='word_1_77' title='bbox 1142 1365 1254 1416; x_wconf 75' lang='grc' dir='ltr'>δόξῃ</span> <span class='ocrx_word' id='word_1_78' title='bbox 1285 1364 1563 1417; x_wconf 85' lang='grc' dir='ltr'>γενόμενος.</span> 
     </span>
    </p>
   </div>
   <div class='ocr_carea' id='block_1_10' title="bbox 298 1440 890 1491">
    <p class='ocr_par' dir='ltr' id='par_1_10' title="bbox 298 1440 890 1491">
     <span class='ocr_line' id='line_1_14' title="bbox 298 1440 890 1491; baseline -0.002 -11"><span class='ocrx_word' id='word_1_79' title='bbox 298 1440 672 1481; x_wconf 80' lang='lat' dir='ltr'>:Schleiermacher</span> <span class='ocrx_word' id='word_1_80' title='bbox 691 1441 741 1480; x_wconf 85' lang='lat' dir='ltr'>ad</span> <span class='ocrx_word' id='word_1_81' title='bbox 760 1442 806 1479; x_wconf 85' lang='lat' dir='ltr'>fr.</span> <span class='ocrx_word' id='word_1_82' title='bbox 826 1443 890 1491; x_wconf 86' lang='lat'>65.</span> 
     </span>
    </p>
   </div>
   <div class='ocr_carea' id='block_1_11' title="bbox 794 1591 1039 1633">
    <p class='ocr_par' dir='ltr' id='par_1_11' title="bbox 794 1591 1039 1633">
     <span class='ocr_line' id='line_1_15' title="bbox 794 1591 1039 1633; baseline 0 0"><span class='ocrx_word' id='word_1_83' title='bbox 794 1591 1039 1633; x_wconf 89' lang='lat' dir='ltr'>CXXXIV.</span> 
     </span>
    </p>
   </div>
   <div class='ocr_carea' id='block_1_12' title="bbox 185 1682 1651 2453">
    <p class='ocr_par' dir='ltr' id='par_1_12' title="bbox 185 1682 1651 1806">
     <span class='ocr_line' id='line_1_16' title="bbox 242 1682 1651 1739; baseline 0.001 -16"><span class='ocrx_word' id='word_1_84' title='bbox 242 1683 384 1724; x_wconf 82' lang='lat' dir='ltr'><strong>Floril.</strong></span> <span class='ocrx_word' id='word_1_85' title='bbox 413 1682 581 1725; x_wconf 81' lang='lat' dir='ltr'>Monac.</span> <span class='ocrx_word' id='word_1_86' title='bbox 617 1697 708 1738; x_wconf 89' lang='lat'>199,</span> <span class='ocrx_word' id='word_1_87' title='bbox 741 1699 782 1738; x_wconf 86' lang='lat' dir='ltr'>p.</span> <span class='ocrx_word' id='word_1_88' title='bbox 816 1685 924 1739; x_wconf 80' lang='lat'>283:</span> <span class='ocrx_word' id='word_1_89' title='bbox 964 1683 1228 1736; x_wconf 71' lang='grc' dir='ltr'>“Ηράκλειτός</span> <span class='ocrx_word' id='word_1_90' title='bbox 1266 1684 1356 1737; x_wconf 81' lang='grc' dir='ltr'>ἔφη·</span> <span class='ocrx_word' id='word_1_91' title='bbox 1401 1684 1526 1734; x_wconf 83' lang='grc' dir='ltr'>οἴησις</span> <span class='ocrx_word' id='word_1_92' title='bbox 1559 1700 1651 1736; x_wconf 86' lang='grc' dir='ltr'>προ-</span> 
     </span>
     <span class='ocr_line' id='line_1_17' title="bbox 185 1752 702 1806; baseline 0.002 -14"><span class='ocrx_word' id='word_1_93' title='bbox 185 1754 306 1804; x_wconf 84' lang='grc' dir='ltr'>κοπῆς</span> <span class='ocrx_word' id='word_1_94' title='bbox 327 1752 473 1806; x_wconf 82' lang='grc' dir='ltr'>ἐγκοπὴ</span> <span class='ocrx_word' id='word_1_95' title='bbox 494 1754 702 1805; x_wconf 84' lang='grc' dir='ltr'>προκοπῆς.</span> 
     </span>
    </p>

    <p class='ocr_par' dir='ltr' id='par_1_13' title="bbox 231 1827 1651 2453">
     <span class='ocr_line' id='line_1_18' title="bbox 297 1827 1650 1880; baseline 0.001 -13"><span class='ocrx_word' id='word_1_96' title='bbox 297 1830 391 1868; x_wconf 84' lang='lat' dir='ltr'><strong>=fr.</strong></span> <span class='ocrx_word' id='word_1_97' title='bbox 415 1843 463 1880; x_wconf 87' lang='lat'>34</span> <span class='ocrx_word' id='word_1_98' title='bbox 485 1829 661 1868; x_wconf 76' lang='lat' dir='ltr'><strong>Schust.:</strong></span> <span class='ocrx_word' id='word_1_99' title='bbox 691 1844 727 1867; x_wconf 92' lang='lat' dir='ltr'>v.</span> <span class='ocrx_word' id='word_1_100' title='bbox 758 1829 1085 1868; x_wconf 80' lang='lat' dir='ltr'>Schleiermacher</span> <span class='ocrx_word' id='word_1_101' title='bbox 1108 1843 1144 1880; x_wconf 87' lang='lat' dir='ltr'>p.</span> <span class='ocrx_word' id='word_1_102' title='bbox 1172 1838 1259 1877; x_wconf 83' lang='lat'><strong>252,</strong></span> <span class='ocrx_word' id='word_1_103' title='bbox 1318 1827 1428 1867; x_wconf 87' lang='lat' dir='ltr'>Conf.</span> <span class='ocrx_word' id='word_1_104' title='bbox 1451 1828 1561 1867; x_wconf 84' lang='lat' dir='ltr'>Philo</span> <span class='ocrx_word' id='word_1_105' title='bbox 1588 1842 1650 1879; x_wconf 85' lang='lat' dir='ltr'>ap.</span> 
     </span>
     <span class='ocr_line' id='line_1_19' title="bbox 236 1891 1651 1943; baseline 0 -14"><span class='ocrx_word' id='word_1_106' title='bbox 236 1892 372 1931; x_wconf 89' lang='lat' dir='ltr'>Ioann.</span> <span class='ocrx_word' id='word_1_107' title='bbox 398 1893 574 1931; x_wconf 81' lang='lat' dir='ltr'>Damaso.</span> <span class='ocrx_word' id='word_1_108' title='bbox 602 1892 639 1931; x_wconf 80' lang='lat' dir='ltr'>S.</span> <span class='ocrx_word' id='word_1_109' title='bbox 662 1893 703 1931; x_wconf 91' lang='lat' dir='ltr'>P.</span> <span class='ocrx_word' id='word_1_110' title='bbox 723 1895 802 1942; x_wconf 83' lang='lat'>693</span> <span class='ocrx_word' id='word_1_111' title='bbox 825 1892 870 1940; x_wconf 86' lang='lat' dir='ltr'>E,</span> <span class='ocrx_word' id='word_1_112' title='bbox 897 1892 942 1931; x_wconf 79' lang='lat' dir='ltr'>fr.</span> <span class='ocrx_word' id='word_1_113' title='bbox 966 1906 1005 1943; x_wconf 88' lang='lat' dir='ltr'>p.</span> <span class='ocrx_word' id='word_1_114' title='bbox 1029 1894 1103 1941; x_wconf 86' lang='lat'>652</span> <span class='ocrx_word' id='word_1_115' title='bbox 1127 1892 1284 1942; x_wconf 82' lang='lat' dir='ltr'>Mang.:</span> <span class='ocrx_word' id='word_1_116' title='bbox 1325 1891 1446 1939; x_wconf 74' lang='grc' dir='ltr'>οἴησις,</span> <span class='ocrx_word' id='word_1_117' title='bbox 1468 1894 1513 1929; x_wconf 77' lang='grc' dir='ltr'>ὡς</span> <span class='ocrx_word' id='word_1_118' title='bbox 1540 1895 1558 1928; x_wconf 91' lang='grc' dir='ltr'>ὁ</span> <span class='ocrx_word' id='word_1_119' title='bbox 1585 1897 1651 1929; x_wconf 83' lang='grc' dir='ltr'>τῶν</span> 
     </span>
     <span class='ocr_line' id='line_1_20' title="bbox 233 1953 1651 2004; baseline 0 -14"><span class='ocrx_word' id='word_1_120' title='bbox 233 1957 386 2004; x_wconf 82' lang='grc' dir='ltr'>ἀρχαίων</span> <span class='ocrx_word' id='word_1_121' title='bbox 413 1959 527 2004; x_wconf 85' lang='grc' dir='ltr'>λόγος,</span> <span class='ocrx_word' id='word_1_122' title='bbox 557 1957 653 1993; x_wconf 81' lang='grc' dir='ltr'>ἐστὶν</span> <span class='ocrx_word' id='word_1_123' title='bbox 681 1957 806 2004; x_wconf 85' lang='grc' dir='ltr'>ἐγκοπὴ</span> <span class='ocrx_word' id='word_1_124' title='bbox 835 1954 1184 2003; x_wconf 45' lang='grc' dir='ltr'>προκοπῆς-θεοῖ),</span> <span class='ocrx_word' id='word_1_125' title='bbox 1213 1953 1345 1992; x_wconf 85' lang='lat' dir='ltr'><strong>Floril.</strong></span> <span class='ocrx_word' id='word_1_126' title='bbox 1374 1953 1425 1993; x_wconf 77' lang='lat' dir='ltr'>iv.</span> <span class='ocrx_word' id='word_1_127' title='bbox 1447 1955 1521 1991; x_wconf 82' lang='lat'>88:</span> <span class='ocrx_word' id='word_1_128' title='bbox 1563 1955 1651 1990; x_wconf 85' lang='grc' dir='ltr'>Βίων</span> 
     </span>
     <span class='ocr_line' id='line_1_21' title="bbox 234 2016 1649 2067; baseline -0.001 -13"><span class='ocrx_word' id='word_1_129' title='bbox 234 2020 411 2067; x_wconf 82' lang='grc' dir='ltr'>ἐρωτηθεὶς</span> <span class='ocrx_word' id='word_1_130' title='bbox 443 2020 476 2055; x_wconf 80' lang='grc' dir='ltr'>τί</span> <span class='ocrx_word' id='word_1_131' title='bbox 509 2020 603 2056; x_wconf 83' lang='grc' dir='ltr'>ἐστιν</span> <span class='ocrx_word' id='word_1_132' title='bbox 635 2019 741 2065; x_wconf 76' lang='grc' dir='ltr'>ἄνοια,</span> <span class='ocrx_word' id='word_1_133' title='bbox 776 2017 858 2056; x_wconf 75' lang='grc' dir='ltr'>εἶπε·</span> <span class='ocrx_word' id='word_1_134' title='bbox 907 2021 1082 2067; x_wconf 82' lang='grc' dir='ltr'>προκοπῆς</span> <span class='ocrx_word' id='word_1_135' title='bbox 1115 2016 1503 2066; x_wconf 70' lang='grc' dir='ltr'>ἐγκοπή-ΜᾶΧίῐΠΠΒ</span> <span class='ocrx_word' id='word_1_136' title='bbox 1536 2016 1649 2054; x_wconf 75' lang='lat' dir='ltr'>Conf.</span> 
     </span>
     <span class='ocr_line' id='line_1_22' title="bbox 236 2079 1651 2131; baseline -0.002 -12"><span class='ocrx_word' id='word_1_137' title='bbox 236 2081 358 2120; x_wconf 78' lang='lat' dir='ltr'><strong>Serm.</strong></span> <span class='ocrx_word' id='word_1_138' title='bbox 391 2093 453 2129; x_wconf 81' lang='lat'>34,</span> <span class='ocrx_word' id='word_1_139' title='bbox 482 2095 519 2131; x_wconf 86' lang='lat' dir='ltr'>p.</span> <span class='ocrx_word' id='word_1_140' title='bbox 553 2083 630 2128; x_wconf 88' lang='lat'>624</span> <span class='ocrx_word' id='word_1_141' title='bbox 662 2080 856 2120; x_wconf 76' lang='lat' dir='ltr'>Combef.2</span> <span class='ocrx_word' id='word_1_142' title='bbox 894 2082 1117 2130; x_wconf 83' lang='grc' dir='ltr'>Ἡράκλειτος</span> <span class='ocrx_word' id='word_1_143' title='bbox 1147 2084 1165 2116; x_wconf 90' lang='grc' dir='ltr'><strong><em>ὁ</em></strong></span> <span class='ocrx_word' id='word_1_144' title='bbox 1199 2082 1349 2128; x_wconf 84' lang='grc' dir='ltr'>φυσικὸς</span> <span class='ocrx_word' id='word_1_145' title='bbox 1388 2079 1498 2126; x_wconf 73' lang='grc' dir='ltr'>οἴησιν</span> <span class='ocrx_word' id='word_1_146' title='bbox 1530 2081 1651 2127; x_wconf 77' lang='grc' dir='ltr'>ἔλεγεν</span> 
     </span>
     <span class='ocr_line' id='line_1_23' title="bbox 233 2144 1650 2199; baseline 0 -17"><span class='ocrx_word' id='word_1_147' title='bbox 233 2147 379 2194; x_wconf 82' lang='grc' dir='ltr'>ἐγκοπὴν</span> <span class='ocrx_word' id='word_1_148' title='bbox 419 2146 826 2199; x_wconf 62' lang='grc' dir='ltr'>προκοπῆς-(οοηῐοπὶ</span> <span class='ocrx_word' id='word_1_149' title='bbox 866 2146 973 2184; x_wconf 74' lang='lat' dir='ltr'>iubet</span> <span class='ocrx_word' id='word_1_150' title='bbox 1010 2145 1253 2197; x_wconf 73' lang='lat' dir='ltr'><em>Bernaysius</em></span> <span class='ocrx_word' id='word_1_151' title='bbox 1292 2144 1416 2184; x_wconf 81' lang='lat' dir='ltr'>Schol.</span> <span class='ocrx_word' id='word_1_152' title='bbox 1459 2144 1551 2185; x_wconf 57' lang='lat' dir='ltr'>Vah.</span> <span class='ocrx_word' id='word_1_153' title='bbox 1600 2144 1650 2182; x_wconf 81' lang='lat' dir='ltr'>ad.</span> 
     </span>
     <span class='ocr_line' id='line_1_24' title="bbox 235 2209 1650 2262; baseline -0.001 -13"><span class='ocrx_word' id='word_1_154' title='bbox 235 2211 461 2262; x_wconf 69' lang='lat' dir='ltr'>Hippocrat.</span> <span class='ocrx_word' id='word_1_155' title='bbox 490 2214 567 2260; x_wconf 86' lang='grc' dir='ltr'>περὶ</span> <span class='ocrx_word' id='word_1_156' title='bbox 593 2212 851 2260; x_wconf 78' lang='grc' dir='ltr'>εὐσχημοσύνης</span> <span class='ocrx_word' id='word_1_157' title='bbox 877 2224 914 2259; x_wconf 86' lang='lat'>4,</span> <span class='ocrx_word' id='word_1_158' title='bbox 938 2216 966 2250; x_wconf 74' lang='grc'>13.</span> <span class='ocrx_word' id='word_1_159' title='bbox 987 2211 1039 2249; x_wconf 76' lang='lat' dir='ltr'>iX.</span> <span class='ocrx_word' id='word_1_160' title='bbox 1067 2224 1104 2261; x_wconf 81' lang='lat' dir='ltr'>p.</span> <span class='ocrx_word' id='word_1_161' title='bbox 1129 2223 1201 2260; x_wconf 83' lang='lat'>231</span> <span class='ocrx_word' id='word_1_162' title='bbox 1226 2210 1365 2249; x_wconf 67' lang='lat' dir='ltr'>Littr.:</span> <span class='ocrx_word' id='word_1_163' title='bbox 1399 2211 1418 2256; x_wconf 88' lang='grc' dir='ltr'>ἡ</span> <span class='ocrx_word' id='word_1_164' title='bbox 1447 2212 1513 2259; x_wconf 84' lang='grc' dir='ltr'>γὰρ</span> <span class='ocrx_word' id='word_1_165' title='bbox 1539 2209 1650 2256; x_wconf 72' lang='grc' dir='ltr'>οἴησις</span> 
     </span>
     <span class='ocr_line' id='line_1_25' title="bbox 232 2277 1648 2326; baseline -0.001 -13"><span class='ocrx_word' id='word_1_166' title='bbox 232 2279 293 2314; x_wconf 81' lang='grc' dir='ltr'>οὐκ</span> <span class='ocrx_word' id='word_1_167' title='bbox 321 2279 359 2324; x_wconf 84' lang='grc' dir='ltr'>ἐᾷ</span> <span class='ocrx_word' id='word_1_168' title='bbox 387 2279 545 2326; x_wconf 87' lang='grc' dir='ltr'>πράττειν</span> <span class='ocrx_word' id='word_1_169' title='bbox 563 2277 584 2313; x_wconf 76' lang='grc' dir='ltr'><em>ἃ</em></span> <span class='ocrx_word' id='word_1_170' title='bbox 603 2279 663 2320; x_wconf 81' lang='grc' dir='ltr'>δεῖ,</span> <span class='ocrx_word' id='word_1_171' title='bbox 684 2278 825 2324; x_wconf 83' lang='grc' dir='ltr'>ἀμαθίας</span> <span class='ocrx_word' id='word_1_172' title='bbox 851 2279 904 2313; x_wconf 75' lang='grc' dir='ltr'>καὶ</span> <span class='ocrx_word' id='word_1_173' title='bbox 930 2278 1085 2324; x_wconf 85' lang='grc' dir='ltr'>ἀτεχνίας</span> <span class='ocrx_word' id='word_1_174' title='bbox 1110 2279 1249 2323; x_wconf 88' lang='grc' dir='ltr'>σημεῖον</span> <span class='ocrx_word' id='word_1_175' title='bbox 1276 2277 1454 2325; x_wconf 83' lang='grc' dir='ltr'>τυγχάνον·</span> <span class='ocrx_word' id='word_1_176' title='bbox 1486 2278 1564 2311; x_wconf 77' lang='grc' dir='ltr'>οὔτε</span> <span class='ocrx_word' id='word_1_177' title='bbox 1581 2277 1648 2324; x_wconf 82' lang='grc' dir='ltr'>γὰρ</span> 
     </span>
     <span class='ocr_line' id='line_1_26' title="bbox 231 2338 1648 2388; baseline -0.002 -12"><span class='ocrx_word' id='word_1_178' title='bbox 231 2340 374 2386; x_wconf 80' lang='grc' dir='ltr'>βουλήν,</span> <span class='ocrx_word' id='word_1_179' title='bbox 409 2342 448 2376; x_wconf 84' lang='grc' dir='ltr'>οὐ</span> <span class='ocrx_word' id='word_1_180' title='bbox 478 2341 616 2388; x_wconf 75' lang='grc' dir='ltr'>σκέψιν,</span> <span class='ocrx_word' id='word_1_181' title='bbox 646 2342 709 2388; x_wconf 82' lang='grc' dir='ltr'>οὐχ</span> <span class='ocrx_word' id='word_1_182' title='bbox 742 2341 911 2387; x_wconf 82' lang='grc' dir='ltr'>ὑπομονὴν</span> <span class='ocrx_word' id='word_1_183' title='bbox 947 2338 1036 2376; x_wconf 77' lang='grc' dir='ltr'>οἶδεν</span> <span class='ocrx_word' id='word_1_184' title='bbox 1068 2341 1167 2386; x_wconf 76' lang='grc' dir='ltr'>ὅλως,</span> <span class='ocrx_word' id='word_1_185' title='bbox 1197 2339 1238 2375; x_wconf 83' lang='grc' dir='ltr'>δι’</span> <span class='ocrx_word' id='word_1_186' title='bbox 1270 2340 1315 2375; x_wconf 75' lang='grc' dir='ltr'>ὧν</span> <span class='ocrx_word' id='word_1_187' title='bbox 1346 2340 1388 2375; x_wconf 82' lang='grc' dir='ltr'>τὰ</span> <span class='ocrx_word' id='word_1_188' title='bbox 1421 2339 1508 2373; x_wconf 81' lang='grc' dir='ltr'>καλὰ</span> <span class='ocrx_word' id='word_1_189' title='bbox 1540 2339 1648 2374; x_wconf 83' lang='grc' dir='ltr'>πάντα</span> 
     </span>
     <span class='ocr_line' id='line_1_27' title="bbox 231 2404 1645 2453; baseline -0.001 -12"><span class='ocrx_word' id='word_1_190' title='bbox 231 2405 396 2442; x_wconf 80' lang='grc' dir='ltr'>ἀνύονται·</span> <span class='ocrx_word' id='word_1_191' title='bbox 425 2407 540 2453; x_wconf 83' lang='grc' dir='ltr'>διόπερ</span> <span class='ocrx_word' id='word_1_192' title='bbox 566 2409 585 2442; x_wconf 92' lang='grc' dir='ltr'>ὁ</span> <span class='ocrx_word' id='word_1_193' title='bbox 610 2406 671 2452; x_wconf 88' lang='grc' dir='ltr'>τὴν</span> <span class='ocrx_word' id='word_1_194' title='bbox 699 2405 811 2452; x_wconf 75' lang='grc' dir='ltr'>οἴησιν</span> <span class='ocrx_word' id='word_1_195' title='bbox 838 2407 927 2453; x_wconf 76' lang='grc' dir='ltr'>ἔχων</span> <span class='ocrx_word' id='word_1_196' title='bbox 954 2406 1024 2441; x_wconf 78' lang='grc' dir='ltr'>οὔθ’</span> <span class='ocrx_word' id='word_1_197' title='bbox 1053 2407 1171 2441; x_wconf 83' lang='grc' dir='ltr'>ἑαυτὸν</span> <span class='ocrx_word' id='word_1_198' title='bbox 1199 2405 1268 2440; x_wconf 73' lang='grc' dir='ltr'>οὔτ’</span> <span class='ocrx_word' id='word_1_199' title='bbox 1289 2404 1397 2440; x_wconf 71' lang='grc' dir='ltr'>ἄλλον</span> <span class='ocrx_word' id='word_1_200' title='bbox 1424 2406 1527 2440; x_wconf 85' lang='grc' dir='ltr'>καλὸν</span> <span class='ocrx_word' id='word_1_201' title='bbox 1546 2404 1645 2452; x_wconf 81' lang='grc' dir='ltr'>ε’ργά-</span> 
     </span>
    </p>
   </div>
   <div class='ocr_carea' id='block_1_13' title="bbox 231 2469 544 2522">
    <p class='ocr_par' dir='ltr' id='par_1_14' title="bbox 231 2469 544 2522">
     <span class='ocr_line' id='line_1_28' title="bbox 231 2469 544 2522; baseline 0 -15"><span class='ocrx_word' id='word_1_202' title='bbox 231 2472 361 2508; x_wconf 87' lang='grc' dir='ltr'>σασθαι</span> <span class='ocrx_word' id='word_1_203' title='bbox 380 2469 544 2522; x_wconf 77' lang='grc' dir='ltr'>δύναται).</span> 
     </span>
    </p>
   </div>
   <div class='ocr_carea' id='block_1_14' title="bbox 798 2607 1021 2649">
    <p class='ocr_par' dir='ltr' id='par_1_15' title="bbox 798 2607 1021 2649">
     <span class='ocr_line' id='line_1_29' title="bbox 798 2607 1021 2649; baseline 0 0"><span class='ocrx_word' id='word_1_204' title='bbox 798 2607 1021 2649; x_wconf 89' lang='lat' dir='ltr'>CXXXV.</span> 
     </span>
    </p>
   </div>
   <div class='ocr_carea' id='block_1_15' title="bbox 177 2697 1643 2822">
    <p class='ocr_par' dir='ltr' id='par_1_16' title="bbox 177 2697 1643 2822">
     <span class='ocr_line' id='line_1_30' title="bbox 235 2697 1643 2755; baseline 0.001 -17"><span class='ocrx_word' id='word_1_205' title='bbox 235 2697 375 2741; x_wconf 82' lang='lat' dir='ltr'>Floril.</span> <span class='ocrx_word' id='word_1_206' title='bbox 408 2698 579 2740; x_wconf 81' lang='lat' dir='ltr'>Monac.</span> <span class='ocrx_word' id='word_1_207' title='bbox 618 2711 714 2749; x_wconf 84' lang='lat'>200,</span> <span class='ocrx_word' id='word_1_208' title='bbox 757 2713 796 2754; x_wconf 75' lang='lat' dir='ltr'>p,</span> <span class='ocrx_word' id='word_1_209' title='bbox 829 2699 937 2755; x_wconf 81' lang='lat'>283:</span> <span class='ocrx_word' id='word_1_210' title='bbox 983 2701 1003 2740; x_wconf 91' lang='lat'><em>6</em></span> <span class='ocrx_word' id='word_1_211' title='bbox 1044 2698 1158 2743; x_wconf 81' lang='grc' dir='ltr'>αὐτὸς</span> <span class='ocrx_word' id='word_1_212' title='bbox 1190 2698 1260 2751; x_wconf 78' lang='grc' dir='ltr'>τὴν</span> <span class='ocrx_word' id='word_1_213' title='bbox 1291 2698 1473 2740; x_wconf 83' lang='grc' dir='ltr'>παιδείαν</span> <span class='ocrx_word' id='word_1_214' title='bbox 1507 2697 1643 2750; x_wconf 80' lang='grc' dir='ltr'>ἕτερον</span> 
     </span>
     <span class='ocr_line' id='line_1_31' title="bbox 177 2767 1006 2822; baseline 0.002 -15"><span class='ocrx_word' id='word_1_215' title='bbox 177 2767 292 2818; x_wconf 83' lang='grc' dir='ltr'>ἥλιον</span> <span class='ocrx_word' id='word_1_216' title='bbox 312 2767 413 2808; x_wconf 79' lang='grc' dir='ltr'>εἶναι</span> <span class='ocrx_word' id='word_1_217' title='bbox 432 2771 513 2810; x_wconf 85' lang='grc' dir='ltr'>τοῖς</span> <span class='ocrx_word' id='word_1_218' title='bbox 533 2768 855 2820; x_wconf 85' lang='grc' dir='ltr'>πεπαιδευμένοις</span> <span class='ocrx_word' id='word_1_219' title='bbox 877 2768 1006 2822; x_wconf 81' lang='grc' dir='ltr'>ἔλεγε.</span> 
     </span>
    </p>
   </div>
   <div class='ocr_carea' id='block_1_16' title="bbox 293 2843 944 2959">
    <p class='ocr_par' dir='ltr' id='par_1_17' title="bbox 293 2843 944 2959">
     <span class='ocr_line' id='line_1_32' title="bbox 293 2843 742 2894; baseline 0.007 -14"><span class='ocrx_word' id='word_1_220' title='bbox 293 2843 525 2883; x_wconf 77' lang='lat' dir='ltr'><strong>:Schuster</strong></span> <span class='ocrx_word' id='word_1_221' title='bbox 544 2845 592 2883; x_wconf 86' lang='lat' dir='ltr'>ad</span> <span class='ocrx_word' id='word_1_222' title='bbox 611 2845 658 2884; x_wconf 87' lang='lat' dir='ltr'>fr.</span> <span class='ocrx_word' id='word_1_223' title='bbox 680 2858 742 2894; x_wconf 85' lang='lat'>34.</span> 
     </span>
     <span class='ocr_line' id='line_1_33' title="bbox 872 2928 944 2959; baseline 0.056 -4"><span class='ocrx_word' id='word_1_224' title='bbox 872 2928 898 2955; x_wconf 87' lang='grc' dir='ltr'><strong>Ε</strong></span> <span class='ocrx_word' id='word_1_225' title='bbox 921 2928 944 2959; x_wconf 82' lang='lat'><strong>2</strong></span> 
     </span>
    </p>
   </div>
  </div>
 </body>
</html>
