1893 3230
199 201 249 236 76
751 209 963 239 APPENDIX
983 221 1041 229 —
1061 211 1100 240 V.

192 324 425 368 ἀποσπώμενα
453 325 505 359 καὶ
534 324 681 369 θάλαμοι
709 324 983 371 διαφθειρόμενοι
1011 326 1064 360 καὶ
1096 325 1255 372 παρθένοι
1283 326 1574 371 παλλακευόμεναι
1601 325 1658 361 καὶ

191 389 344 436 μειράκια
364 389 572 433 θηλυνόμενα
593 390 645 424 καὶ
664 387 838 435 ἐλεύθεροι
858 389 1174 435 σιδηροδετοῦμενοι
1193 391 1246 426 καὶ
1269 391 1343 426 ναοὶ
1368 391 1453 426 θεῶν
1475 391 1655 426 κατασπώ-

190 467 284 497 μενοι
314 455 366 488 καὶ
406 453 495 502 ἡρῷα
533 454 696 499 δαιμόνων
731 454 976 500 ἀνορυττόμενα
1014 456 1067 490 καὶ
1103 457 1239 493 παιᾶνες
1275 455 1420 492 ἀνοσίων
1456 457 1566 502 ἔργων
1602 457 1657 491 καὶ

190 518 396 564 χαριστήρια
415 518 504 554 θεοῖς
522 518 650 555 ἀδικίας
661 534 671 559 ,·
700 521 806 554 ταῦτα
825 519 1017 566 ἆγελαστῶ.
1056 519 1091 554 ἐν
1110 520 1220 567 είρὴνῃ
1239 522 1418 566 πολεμεῖτε
1446 521 1501 556 διὰ
1528 520 1655 568 λόγων,

153 593 171 624 5
191 582 227 617 ε“ν
244 583 383 631 πολέμῳ
402 582 625 619 πολιτεύεσθε
645 584 700 618 διὰ
720 583 870 630 σιδήρου·
901 585 1065 630 ἁρπάζετε
1083 586 1122 619 τὸ
1141 585 1268 620 δίκαιον
1286 586 1322 620 ἐν
1340 586 1492 632 ξίφεσιν.
1533 584 1656 632 Ἑρμό-

190 647 297 693 δωρος
315 647 490 682 ἐλαύνεται
519 648 641 692 νόμους
667 649 823 695 γράφων,
843 648 1064 694 “Ηράκλειτος
1083 648 1258 684 ἐλαύνεται
1275 648 1447 691 ἀσεβείας.
1485 651 1521 685 αἶ
1537 649 1658 688 πόλεις

189 712 304 758 ἔρημοι
324 714 578 760 καλοκαγαθίας,
599 716 633 750 αἱ
652 715 783 761 ε’ρημίαι
801 715 887 760 πρὸς
906 717 945 750 τὸ
964 715 1088 750 ἀδικεῖν
1107 715 1220 760 ὄχλοι.
1251 713 1345 761 τείχη
1361 715 1512 761 ἕστηκεν,
1528 715 1655 761 ἀνθρώ-

189 790 263 811 πων
275 775 437 821 σύμβολα
450 779 620 824 πονηρίας,
633 779 855 814 ἀποκλείοντα
866 780 926 824 τὴν
937 780 1016 821 βίαν
1027 779 1130 824 ὑμῶν·
1150 779 1249 813 οἰκίαι
1261 780 1527 825 περιβέβληνται
1537 780 1657 824 πᾶσιν,

190 840 288 886 ἕτερα
307 840 401 887 τείχη
419 844 664 887 πλημμελείας·
692 846 723 878 οἱ
742 844 837 879 ἔνδον
854 845 1024 889 πολέμιοι,
1045 843 1135 878 ἀλλὰ
1154 845 1299 886 πολῖται,
1322 845 1354 878 οἱ
1374 843 1469 880 ε’κτὸς
1487 843 1656 889 πολέμιοι,

133 916 172 939 ιο
189 905 279 940 ἀλλὰ
309 906 407 950 ξένοι.
446 908 567 943 πάντες
595 909 725 954 ἐχθροί,
746 908 878 944 οὐδένες
905 909 1017 954 φίλοι.
1062 907 1200 952 δύναμαι
1219 909 1365 955 γελάσω
1394 908 1538 955 ἐχθροὺς
1566 910 1656 955 ὀρῶν

189 970 397 1011 τοσούτους;
440 973 499 1007 τὸν
535 972 718 1019 ἀλλότριον
755 975 905 1008 πλοῦτον
932 972 1018 1008 ἴδιον
1045 972 1171 1014 οἴεσθε,
1201 974 1262 1009 τὰς
1289 973 1473 1019 ἀλλοτρίας
1499 974 1658 1020 γυναῖκας

191 1036 274 1072 ἰδίας
307 1037 464 1081 νομίζετε,
493 1038 571 1074 τοὺς
604 1038 802 1083 ἐλευθέρους
835 1039 1103 1084 ἀνδραποδίζετε,
1132 1039 1174 1073 τὰ
1208 1040 1313 1082 ζῶντα
1346 1039 1548 1084 κατεσθίετε,
1577 1039 1657 1076 τοὺς

191 1103 310 1146 νόμους
342 1103 579 1148 παραβαίνετε,
607 1104 813 1150 παρανομίας
842 1103 1065 1148 νομοθετεῖτε,
1095 1104 1205 1138 πάντα
1232 1103 1394 1147 βιάζεσθε
1423 1102 1444 1137 ἃ
1470 1103 1516 1148 μὴ
1543 1102 1656 1150 πεφύ-

191 1181 279 1202 κατε.
324 1168 365 1201 τὰ
394 1169 544 1211 μάλιστα
577 1168 738 1203 δοκοῦντα
772 1167 983 1213 δικαιοσύνης
1014 1165 1096 1203 εἶναι
1126 1167 1298 1213 σύμβολα,
1328 1170 1359 1203 02
1394 1170 1498 1214 νόμοι,
1527 1168 1655 1206 ἀδικίας

135 1243 171 1275 15
193 1231 260 1266 εἶσὶ
289 1231 476 1277 τεκμήριον.
508 1232 537 1267 εἷ
564 1233 630 1279 γὰρ
657 1233 702 1277 μὴ
732 1232 830 1277 ἦσαν,
851 1233 967 1277 ἀνέδην
995 1234 1035 1268 ἂν
1063 1232 1317 1279 ε’πονηρεύεσθε·
1348 1235 1406 1267 νῦν
1434 1232 1463 1268 δ’
1483 1231 1516 1268 εἴ
1541 1248 1573 1268 τι
1601 1233 1656 1268 καὶ

191 1297 310 1343 μικρὸν
328 1296 588 1341 ἐπιστομίζεσθε
608 1299 712 1345 φόβῳ
732 1300 914 1343 κολάσεως,
935 1298 1119 1344 κατέχεσθε
1140 1298 1186 1334 εἷς
1205 1300 1319 1333 πᾶσαν
1337 1297 1476 1334 ἀδικίαν.

868 1459 984 1497 VHI.

246 1552 300 1598 Τῷ
329 1551 432 1600 αὐτῷ.
490 1551 605 1596 Δήλου
632 1568 698 1598 μοι,
728 1553 933 1600 Ἐρμόδωρε,
962 1556 1044 1589 πότε
1073 1553 1227 1600 ἀπαίρειν
1255 1554 1403 1600 κέκρικας
1431 1554 1479 1591 εἷς
1495 1552 1656 1590 Ἰταλίαν.

192 1615 344 1659 δέξαιντό
375 1631 415 1651 σε
445 1618 475 1651 οἶ
505 1618 627 1662 ε’κείνης
654 1620 712 1663 τῆς
740 1621 854 1665 χώρας
882 1619 951 1654 θεοὶ
980 1620 1032 1654 καὶ
1062 1619 1215 1663 δαίμονες
1246 1619 1357 1663 ἡδέως.
1404 1618 1484 1666 ὄναρ
1517 1618 1656 1654 ε’δόκουν

192 1682 263 1717 τοῖς
296 1683 372 1718 σοῖς
403 1685 513 1727 νόμοις
546 1684 587 1718 τὰ
615 1686 705 1730 παρὰ
735 1688 847 1729 πάσης
879 1686 937 1729 τῆς
966 1685 1157 1730 οἰκουμένης
1185 1684 1370 1730 διαδήματα
1398 1684 1575 1731 προσιέναι
1602 1684 1658 1720 καὶ

135 1756 175 1778 20
193 1747 275 1781 κατὰ
299 1748 337 1781 τὸ
363 1748 437 1784 ε’θος
465 1751 532 1783 τῶν
561 1753 706 1795 Περσῶν
734 1750 926 1796 ε’γκλώμενα
955 1751 1008 1786 ini
1037 1752 1147 1796 στόμα
1176 1752 1378 1796 προσκυνεῖν
1405 1748 1538 1794 αὗτοῦς,
1558 1750 1591 1784 οἱ
1618 1749 1656 1785 δὲ

193 1815 325 1855 σεμνῶς
350 1813 437 1847 πάνυ
463 1813 734 1857 καθειστήκεσαν.
764 1814 1047 1861 προσκυνήσουσί
1073 1830 1114 1850 σε
1133 1815 1291 1861 Ἐφέσιοι
1318 1815 1433 1860 μηκέτι
1462 1815 1554 1857 ὄντα,
1575 1814 1657 1850 ὅταν

193 1877 224 1910 οἱ
250 1877 306 1911 σοὶ
337 1878 429 1922 νόμοι
463 1880 568 1913 πᾶσιν
596 1880 813 1922 ε’πιτάττωσι,
848 1882 900 1915 καὶ
928 1883 1003 1915 τότε
1032 1880 1218 1926 χρήσονται
1246 1881 1358 1916 αὐτοῖς
1385 1880 1654 1927 ἀναγκαζόμενοι.

193 1941 268 1978 θεὸς
287 1943 352 1988 γὰρ
372 1942 536 1988 ἀφείλετο
555 1944 699 1980 ε’κείνονς
718 1944 895 1988 ἡγεμονίαν
915 1947 966 1980 καὶ
986 1946 1122 1981 εἀυτοὺς
1150 1945 1310 1989 ε’νόμισαν
1328 1945 1443 1989 ἀξίους
1472 1943 1651 1980 δουλεύειν.

191 2008 291 2041 τοῦτο
322 2007 494 2051 μεμάθηκα
529 2009 581 2042 καὶ
615 2008 650 2043 ἐκ
677 2009 840 2055 πατέρων.
886 2010 948 2054 ὅλη
975 2008 1076 2045 Ἀσία
1106 2011 1211 2054 κτῆμα
1241 2010 1372 2056 ἐγένετο
1399 2010 1573 2051 βασιλέως
1601 2009 1655 2044 καὶ

137 2082 173 2113 25
192 2072 314 2107 πάντες
341 2071 497 2117 Ἐφέσιοι
531 2073 699 2118 λάφυρον.
747 2073 858 2119 ἀήθεις
896 2075 983 2109 εἰσὶν
1014 2074 1207 2120 ε’λευθερίας
1240 2073 1397 2118 ἀληθοῦς,
1431 2076 1492 2108 τοῦ
1524 2073 1653 2120 ἄρχειν.

192 2136 245 2170 καὶ
279 2138 336 2170 νῦν
368 2136 411 2172 ὣς
445 2137 530 2172 εἰκὸς
564 2136 809 2172 ὑπακούσονται
843 2140 1063 2184 κελευόμενοι,
1092 2138 1112 2184 ἦ
1139 2139 1184 2183 μὴ
1212 2139 1406 2175 πεισθέντες
1439 2138 1652 2183 οἷμῶξονται.

192 2200 245 2234 καὶ
281 2200 470 2246 μέμφονται
507 2201 604 2237 θεοὺς
641 2202 810 2247 ἅνθρωποι
848 2203 898 2237 ὅτι
935 2203 1054 2239 αὐτοὺς
1091 2203 1130 2237 οὗ
1167 2203 1410 2247 πλουτίζουσιν
1451 2202 1574 2250 ἀγαθά,
1612 2203 1652 2238 οὖ

191 2265 383 2311 μέμφονται
420 2265 503 2300 ἴδιον
535 2265 615 2310 ἦθος
651 2266 861 2313 ἀφροσύνης.
910 2270 1053 2315 τυφλῶν
1091 2268 1165 2303 ε’στι
1199 2269 1244 2313 μὴ
1283 2268 1447 2312 δέξασθαι
1479 2267 1501 2302 ἃ
1532 2267 1654 2304 δίδωσι

191 2332 327 2376 χρηστὰ
361 2331 497 2375 δαίμων.
555 2331 708 2372 Σίβυλλα
737 2332 772 2366 ἐν
799 2334 942 2369 πολλοῖς
969 2335 1021 2368 καὶ
1049 2335 1149 2368 τοῦτο
1178 2333 1349 2379 ἐφράσθη·
1384 2333 1510 2378 “η”ξειν
1538 2333 1655 2379 σοφὸν

134 2394 376 2439 3οῚταλίῃσιν
413 2396 452 2439 ἐξ
483 2395 591 2432 Ἰάδος
622 2397 769 2442 χώρης.”
813 2395 881 2432 εἶδέ
917 2412 959 2433 σε
991 2400 1058 2444 πρὸ
1091 2398 1256 2434 τοσούτου
1289 2399 1417 2444 αι’ὣνος,
1449 2397 1654 2445 Ἑρμόδωρος,

193 2460 211 2504 ἡ
245 2461 396 2498 Σίβυλλα
428 2460 532 2504 ε’κείνη
561 2462 613 2496 καὶ
644 2463 720 2496 τότε
755 2461 854 2506 ἦσθα,
884 2462 1044 2509 Ἐφέσιοι
1075 2463 1112 2498 δέ
1142 2463 1219 2498 οὐδὲ
1249 2465 1308 2498 νῦν
1338 2461 1524 2504 βούλονται
1560 2463 1654 2509 ὁρᾶν,

193 2524 230 2559 ὃν
263 2525 317 2559 διὰ
355 2525 625 2571 θεοφορουμένης
662 2528 816 2572 γυναικὸς
852 2525 1012 2572 Ἀλήθεια
1049 2528 1187 2569 ε’βλεπε.
1235 2527 1351 2573 σοφὸς
1386 2525 1655 2574 μεμαρτύρησαι,

191 2588 396 2635 Ἐρμόδωρε,
426 2589 586 2635 Ἐφέσιοι
619 2590 655 2625 δὲ
688 2589 907 2638 ἀντιλέγουσι
944 2591 1023 2626 θεοῦ
1059 2591 1234 2638 μαρτυρίᾳ.
1276 2591 1496 2626 ἀποτίσονται
1527 2592 1655 2627 εἀυτῶν

193 2653 292 2700 ὕβριν
311 2654 363 2688 καὶ
382 2656 438 2687 νῦν
457 2653 669 2688 ἀποτίνυνται
697 2657 829 2700 γνώμης
856 2655 1128 2701 ἀναπιμπλάντες
1156 2655 1241 2700 ἡμᾶς
1268 2657 1377 2700 κακῆς.
1407 2656 1465 2691 οὐκ
1484 2654 1653 2703 ἀφαιρού-

136 2729 175 2762 35
193 2733 292 2764 μενος
318 2720 466 2754 πλοῦτον
494 2720 625 2762 κολάζει
654 2719 740 2765 θεός,
761 2721 850 2755 ἀλλὰ
878 2722 930 2755 καὶ
957 2723 1090 2766 μᾶλλον
1117 2721 1237 2756 δίδωσι
1264 2723 1434 2768 πονηροῖς,
1457 2720 1498 2757 ’ἶν’
1518 2722 1655 2768 ἔχοντες

242 2859 278 2889 ¹5
296 2848 329 2880 δὲ
346 2848 419 2880 εἴτι
437 2849 465 2880 Β
481 2861 486 2881 ;
512 2848 546 2881 δέ
562 2861 592 2880 τι
610 2850 698 2891 vulg.
760 2854 772 2886 ΙΙ
833 2860 874 2891 34
889 2850 984 2892 maiis]
1003 2850 1085 2891 aquis
1102 2851 1130 2882 Β
1147 2862 1152 2883 ;
1177 2851 1253 2883 fort.
1275 2851 1407 2893 γνώμην
1427 2852 1521 2884 ἀναν.
1537 2851 1649 2893 κακήν.

194 2900 274 2940 ἡμᾶς
290 2900 347 2930 οὐκ
