1893 3230
242 197 292 233 52
529 201 809 232 HPAKAEITOY
847 199 1037 229 ΕΦΕΣῙΟΥ
1075 198 1176 228 ΠΕΡΙ
1215 196 1397 228 ΦΥΣΕΩΣ.

851 356 1096 398 CXXXVI.

300 455 516 495 Maximus
558 453 676 496 Conf.
719 453 848 495 Serm.
885 453 922 503 8,
963 467 1003 507 p.
1038 461 1149 506 557:
1211 449 1476 502 Ἡρακλείτου
1516 446 1700 500 φυσικοῦ.

234 525 257 576 ἡ
286 525 460 574 εὔκαιρος
487 522 600 577 χάρις
627 523 728 578 λιμῷ
755 521 928 574 καθάπερ
953 521 1080 574 τροφὴ
1110 521 1358 573 ἁρμόττουσα
1383 517 1454 568 τὴν
1478 517 1547 566 τῆς
1567 514 1702 567 ψυχῆς

237 591 395 633 ἔνδειαν
415 592 531 632 ίᾶται.

350 681 384 706 v.
406 667 728 706 Schleiermacher
746 680 782 717 p.
807 677 899 714 522.

839 797 1110 840 CXXXVII.

302 883 516 924 Maximus
547 883 667 925 Conf.
695 884 827 925 Serm.
858 884 926 935 46,
959 898 999 937 p.
1032 882 1144 932 646:
1184 880 1460 934 *Ηρακλείτοιλ
1501 893 1704 929 συντομω-

241 952 364 1002 τάτην
396 953 489 994 ὁδὸν
529 954 550 993 ὁ
590 952 704 995 αὐτὸς
746 950 1076 1010 [Theophrastus
1090 948 1130 1007 P]
1166 951 1307 1003 ἔλεγεν
1347 950 1402 991 είς
1442 945 1620 998 εὐδοξίαν
1658 944 1705 986 τὸ

240 1021 430 1074 γενέσθαι
451 1021 614 1074 ἀγαθόν.

835 1145 1132 1188 CXXXVIII.

305 1236 445 1278 Schol.
477 1237 530 1277 ad
562 1236 707 1291 Eurip.
742 1237 846 1278 Hee.
884 1250 976 1292 134,
1010 1241 1041 1278 t.
1073 1237 1101 1278 i.
1132 1251 1172 1291 p.
1207 1245 1290 1288 254
1322 1234 1476 1276 Dind.:
1519 1235 1641 1277 κόπις’
1683 1232 1706 1273 ὁ

242 1305 370 1348 λάλος
402 1338 410 1346 .
446 1338 454 1347 .
490 1338 498 1347 .
531 1306 689 1348 κοπίδας
710 1322 750 1347 τε
769 1308 836 1348 τὰς
856 1309 932 1347 τῶν
951 1306 1085 1358 λόγων
1105 1304 1243 1359 τέχνας
1264 1305 1383 1345 ἄλλοι
1403 1321 1445 1345 τε
1467 1303 1530 1345 καὶ
1543 1303 1708 1354 Τίμαιος

242 1375 368 1416 οὕτως
388 1373 544 1426 γράφει·
568 1373 698 1414 “stare
730 1373 792 1413 καὶ
820 1374 1030 1426 φαίνεσθαι
1055 1373 1108 1425 μὴ
1135 1373 1203 1415 τὸν
1231 1373 1471 1425 Πυθαγόραν
1496 1369 1709 1424 εὑρόμενον

247 1445 324 1482 τῶν
352 1442 546 1492 ἀληθινῶν
574 1443 742 1482 κοπίδων
768 1443 865 1493 μηδὲ
893 1442 960 1483 τὸν
987 1440 1053 1494 ὑφ’
1079 1441 1341 1493 Ἡρακλείτου
1362 1439 1707 1494 κατηγορούμενον,

247 1509 339 1551 ἀλλ’
362 1510 480 1551 αὑτὸν
498 1508 762 1562 Ἠράκλειτον
783 1510 880 1551 εἶναι
901 1510 967 1552 τὸν
988 1511 1333 1561 ἀλαζονευόμενον.

357 1621 462 1672 (nolo
491 1635 587 1671 quae
611 1621 789 1659 Timaeus
814 1625 903 1659 aute
928 1620 1056 1658 oculos
1082 1619 1216 1658 habuit
1243 1619 1438 1658 Heraclito
1462 1617 1708 1658 adtribuere:

301 1688 333 1725 si
361 1687 454 1738 quid
475 1686 512 1724 in
535 1687 614 1724 loco
636 1687 770 1724 misere
790 1692 969 1737 corrupto
988 1700 1141 1725 cernere
1170 1687 1270 1733 licet,
1291 1686 1386 1724 illud
1415 1685 1551 1723 saltem
1577 1684 1709 1723 videre

302 1752 444 1797 videor,
465 1750 703 1789 restituenda
722 1765 801 1789 esse
823 1756 1052 1799 Πρωταγόραν
1070 1756 1109 1789 et
1127 1752 1352 1800 Ἡρακλείδην
1370 1751 1537 1789 nomina.
1587 1749 1709 1788 Hera-

304 1817 414 1855 clidis
433 1817 535 1854 enim
558 1816 704 1853 Pontici
721 1816 869 1854 exstitit
883 1816 1057 1865 dialogus
1071 1819 1148 1864 περὶ
1162 1820 1222 1852 τοῦ
1239 1816 1461 1864 ρητορεῦεινῆ
1482 1818 1711 1864 Πρωταγόρας

304 1881 532 1931 inscriptus;
559 1881 708 1930 saepius
724 1886 864 1927 autem,
879 1885 976 1919 teste
992 1881 1125 1918 Bastio
1144 1881 1191 1919 ad
1205 1881 1362 1930 Gregor.
1379 1879 1552 1919 Corinth.
1567 1892 1604 1931 p.
1618 1882 1710 1928 603,

304 1950 532 1995 Πρωταγόρας
559 1950 597 1984 et
623 1948 822 1994 Πυθαγόρας
847 1959 870 1983 a
897 1946 1031 1984 scribis
1057 1946 1351 1985 confunduntur.
1409 1945 1546 1997 Neque
1574 1945 1708 1983 adsen-

305 2012 380 2049 tior
400 2010 568 2060 Bergkio
597 2010 783 2049 Heracliti
804 2024 941 2049 nomen
968 2012 1166 2061 reponenti
1187 2011 1226 2048 in
1247 2010 1373 2050 Schol.
1393 2011 1442 2049 ad
1462 2010 1597 2060 Eurip.
1618 2008 1708 2048 Alc.

307 2078 356 2127 98
362 2090 397 2124 3,
417 2077 499 2114 loco
518 2075 707 2114 artissime
727 2076 949 2114 cohaerente
969 2090 1054 2115 cum
1076 2076 1121 2113 iis
1141 2089 1238 2127 quae
1257 2089 1304 2114 ex
1327 2075 1531 2114 Heraclide
1551 2074 1710 2114 Pontico

307 2142 484 2180 Clemens
503 2141 615 2178 Alex.
638 2141 825 2191 Protrept.
853 2154 886 2187 2,
906 2155 942 2191 p.
966 2155 1027 2190 34,
1049 2141 1210 2180 Photius
1231 2141 1323 2179 Lex.
1343 2154 1372 2180 s.
1388 2155 1422 2180 v.
1443 2141 1558 2178 λύσιοι
1575 2140 1714 2179 vexa-cd

305 2211 563 2245 servaverunt.
619 2205 741 2256 Apud
761 2206 892 2245 Orion.
913 2206 1045 2257 Etym.
1072 2220 1102 2245 s.
1128 2220 1162 2244 v.
1191 2209 1334 2255 κάμηρος
1367 2219 1445 2245 non
1464 2204 1710 2244 Heraclitum

305 2272 372 2310 sed
392 2270 636 2309 Heraclidem
655 2272 963 2321 grammaticum,
984 2271 1051 2323 qui
1070 2275 1148 2321 περὶ
1167 2273 1387 2320 ἐτυμολογίας
1411 2270 1577 2322 scripsit,
1596 2270 1709 2310 citari

306 2336 577 2375 animadvertit
594 2336 669 2374 iam
690 2336 866 2375 Sturzius
886 2337 934 2376 ad
954 2337 1083 2376 Orion.
1106 2351 1141 2388 p.
1162 2347 1236 2386 254
1257 2350 1265 2375 ε
1296 2336 1392 2376 conf.
1409 2335 1541 2387 Cyrill.
1560 2335 1652 2375 Lex.
1666 2334 1708 2374 in

310 2401 482 2440 Gramen·
502 2400 551 2440 A.
573 2401 611 2439 P.
634 2401 682 2440 iv.
704 2415 739 2452 p.
767 2402 870 2452 184.)
