1893 3230
239 211 289 245 48
727 217 1008 248 HPAKAEITOY
1037 217 1224 248 ΕΦΕΣῘΟΥ

867 363 1066 405 CXXIV.

238 451 530 509 Νυκτιπόλοι,
554 453 707 515 μάγοι,
734 453 912 518 βάκχοι,
937 460 1074 511 λῆναι,
1099 456 1276 510 μύσται.

878 602 1053 645 CXXV.

237 689 309 736 Τὰ
357 690 448 756 γὰρ
492 691 747 758 νομιζόμενα
787 694 884 741 κατ’
929 696 1176 758 ἀνθρώπους
1215 697 1432 757 μυστήρια
1470 692 1697 757 ἆνιερωστῖ

233 769 443 819 μυεῦνται.

866 849 1068 891 CXXVI.

236 938 326 985 Ka>
363 946 455 990 τοῖς
489 938 722 1001 ἀγάλμασι
751 942 971 988 τουτέοισι
1009 943 1224 1004 εὔχονται,
1260 942 1404 987 ὁκοῖον
1438 941 1477 986 εἴ
1503 961 1570 991 τις
1603 947 1698 991 τοῖς

232 1105 338 1142 αἴτιον
373 1106 478 1145 οὕτως
515 1109 637 1156 λέγων·
684 1110 763 1145 ἔνθα
799 1110 954 1153 ῒδεόντιῒ
989 1107 1235 1145 ἐπανίστασθαι
1268 1108 1322 1145 καὶ
1354 1109 1511 1155 φύλακας
1541 1108 1696 1153 γίνεσθαι

231 1172 342 1218 ἐγερτὶ
372 1174 501 1216 ζώντων
528 1175 580 1209 καὶ
609 1173 934 1223 νεκρῶν-Γιθειῆο.
967 1173 1051 1211 fort.
1083 1173 1259 1211 Clemens
1288 1172 1397 1211 Alex.
1429 1173 1570 1211 Strom.
1598 1186 1634 1211 V.
1660 1184 1695 1219 1,

231 1248 268 1285 p.
300 1237 394 1284 649:
428 1235 518 1273 οἶδεν
545 1240 611 1286 γὰρ
641 1241 693 1274 καὶ
721 1239 819 1276 οὗτος
848 1237 943 1289 (scil.
965 1236 1201 1288 Heraclitus)
1231 1240 1266 1274 ἐκ
1294 1241 1353 1283 τῆς
1380 1240 1560 1286 βαρβάρου
1589 1240 1693 1286 φιλο-

232 1304 360 1349 σοφίας
378 1304 493 1348 μαθὼν
517 1305 576 1349 τὴν
604 1305 657 1339 διὰ
687 1307 791 1351 πυρὸς
819 1305 983 1351 κάθαρσιν
1010 1309 1076 1339 τῶν
1104 1308 1209 1341 κακῶς
1236 1306 1462 1349 βεβιωκότων,
1484 1303 1523 1349 ἦν
1552 1302 1696 1350 ὕστερον

232 1367 421 1414 ἐκπύρωσιν
440 1369 605 1404 ἐκάλεσαν
633 1371 664 1405 οἶ
692 1371 839 1404 Στωικοί·
869 1369 940 1404 καθ’
962 1369 1000 1405 ὃν
1028 1371 1079 1405 καὶ
1107 1371 1166 1404 τὸν
1194 1370 1285 1406 ἰδίως
1312 1371 1410 1405 ποιὸν
1437 1368 1695 1414 ἀναστήσεσθαι

232 1433 471 1479 δογματίζουσι
501 1430 615 1482 (conf.
647 1432 877 1470 Plutarchus
906 1433 953 1470 de
984 1433 1068 1471 Des.
1098 1447 1195 1471 orac.
1223 1446 1279 1478 10,
1309 1446 1345 1483 p.
1370 1443 1468 1480 4153
1506 1431 1694 1471 Tatianus

232 1495 297 1532 Or.
321 1495 367 1532 ad
388 1496 519 1533 Graec.
545 1495 596 1547 3).

285 1571 423 1597 cxxxv.
456 1561 632 1599 Clemens
660 1562 766 1600 Alex.
800 1562 991 1613 Protrept.
1027 1575 1058 1605 2,
1089 1576 1125 1612 p.
1155 1564 1198 1600 18
1229 1561 1439 1613 (=Euseb.
1468 1561 1514 1599 P.
1529 1561 1574 1600 E.
1595 1561 1634 1600 ii.
1656 1574 1692 1611 3,

232 1638 267 1674 p.
291 1626 377 1675 66):
406 1627 484 1671 ἄξια
502 1628 563 1673 μέν
582 1627 641 1663 οὖν
661 1631 775 1665 νυκτὸς
794 1631 835 1663 τὰ
854 1631 1047 1673 τελέσματα
1071 1630 1123 1664 καὶ
1151 1631 1257 1674 πυρὸς
1285 1629 1338 1664 καὶ
1365 1631 1425 1664 τοῦ
1453 1627 1694 1675 μεγαλήτορος,

230 1693 364 1736 μᾶλλον
383 1692 417 1726 δέ
438 1695 698 1739 ματαιόφρονος,
719 1693 941 1740 Ἐρεχθειδῶν
969 1693 1086 1738 δῆμον,
1105 1696 1189 1740 πρὸς
1209 1695 1243 1729 δὲ
1265 1695 1317 1729 καὶ
1345 1697 1410 1728 τῶν
1437 1693 1553 1728 ἄλλων
1569 1691 1694 1738 Ἐλλῆ-

232 1770 308 1800 νων,
328 1755 485 1794 οὕστινας
502 1757 591 1803 με’νει
611 1759 879 1803 τελευτήσαντας
905 1760 1000 1794 ὅσσα
1020 1760 1096 1794 οὐδὲ
1117 1761 1290 1795 ἕλπονται.
1349 1760 1420 1794 τίσι
1439 1759 1479 1803 δὴ
1497 1757 1695 1803 μαντεύεται

231 1819 451 1867 Ἡράκλειτος
469 1825 488 1857 ὀ
506 1822 692 1869 Ἐφέσιοι-ς
722 1825 931 1860 νυκτιπόλοις
949 1825 1068 1870 μάγοις
1087 1825 1229 1870 βάκχαις
1248 1824 1363 1869 λὴναις
1381 1823 1534 1866 μύσταις·
1564 1821 1695 1861 τούτοις

232 1885 364 1921 ἀπειλεῖ
391 1888 432 1921 τὸ
460 1889 543 1932 μετὰ
572 1888 723 1931 θάνατον,
753 1889 882 1925 τούτοις
909 1888 1104 1933 μαντεύεται
1132 1890 1171 1923 τὸ
1200 1892 1278 1935 πῦρ.
1335 1890 1374 1923 τὰ
1403 1889 1469 1935 γὰρ
1497 1889 1693 1934 νομιζόμενα

232 1950 302 1985 κατ’
322 1951 517 1998 ἀνθρώπους
534 1952 703 1999 μυστήρια
722 1953 899 1999 ἅνιερωστὶ
917 1956 1075 1998 μυοῖνται
1097 1951 1270 2005 [μυεῦνται
1290 1948 1460 2004 Euseb-].
1516 1955 1616 1998 νόμος
1634 1951 1694 1989 οὖν

232 2016 284 2050 καὶ
305 2016 478 2062 ὑπόληψις
498 2018 572 2062 κενὴ
592 2019 658 2053 κτὲ.

286 2090 406 2116 cxxv.
439 2079 615 2117 Clemens
644 2080 758 2118 Alex.
789 2081 976 2130 Protrept.
1013 2094 1046 2126 2,
1076 2094 1112 2131 p.
1139 2094 1183 2130 19
1215 2079 1424 2130 (=Euseb.
1453 2080 1495 2119 P.
1517 2080 1564 2119 E.
1593 2080 1633 2120 ii.
1655 2094 1691 2131 3,

231 2155 270 2192 p.
297 2142 363 2194 67)
392 2144 440 2181 ad
469 2144 513 2181 fr.
544 2144 709 2182 CXXIV
730 2145 1075 2195 citatus—Respic.
1107 2145 1302 2182 Arnobius
1330 2145 1415 2184 adV.
1446 2145 1540 2184 Nat.
1561 2159 1598 2185 v.
1622 2158 1689 2195 29:

232 2219 275 2244 ac
304 2221 351 2245 ue
379 2207 465 2258 quis
494 2208 591 2246 forte
611 2222 633 2246 a
659 2209 765 2246 nobis
795 2214 871 2247 tam
901 2209 1038 2259 impius
1066 2210 1274 2248 arbitretur
1303 2209 1482 2248 confictas
1510 2223 1571 2248 res
1599 2223 1691 2259 esse,

233 2271 429 2311 Heraclito
458 2274 546 2311 testi
577 2287 655 2311 non
683 2275 922 2324 postulamus
950 2278 993 2312 ut
1027 2275 1164 2320 credat,
1195 2288 1263 2313 nec
1291 2275 1484 2324 mysteriis
1512 2275 1691 2314 volumus

231 2337 324 2386 quid
352 2351 466 2388 super
495 2338 634 2376 talibus
662 2339 823 2377 senserit
851 2353 898 2377 ex
928 2339 1047 2389 ipsius
1075 2339 1236 2389 accipiat
1265 2340 1448 2379 lectione:
1482 2344 1603 2379 totam
1630 2340 1690 2378 in·

231 2406 399 2453 terroget
434 2402 646 2448 Graeciam,
675 2404 768 2454 quid
797 2403 869 2441 sibi
899 2404 1018 2442 velint
1047 2405 1086 2441 hi
1118 2404 1250 2454 phalli,
1280 2418 1376 2454 quos
1404 2418 1472 2455 per
1499 2418 1590 2443 rura
1620 2418 1691 2455 per

230 2467 371 2516 oppida
390 2480 472 2505 mos
491 2467 655 2518 subrigit
674 2474 712 2507 et
734 2473 934 2506 veneratur
952 2469 1143 2518 antiquus,
1163 2469 1331 2507 inveniet
1360 2482 1489 2507 causas
1517 2482 1598 2507 esse
1626 2481 1690 2508 eas

231 2543 325 2580 quas
345 2531 515 2570 dicimus.

285 2606 424 2633 cxxv1.
454 2596 630 2634 Clemens
650 2596 762 2635 Alex.
785 2597 975 2646 Protrept.
999 2610 1034 2643 4,
1055 2610 1091 2647 p.
1114 2610 1185 2645 44:
1215 2599 1261 2634 σὺ
1284 2599 1320 2634 δὲ
1343 2598 1421 2633 ἀλλ’
1441 2599 1471 2634 εἷ
1487 2599 1533 2645 μὴ
1552 2598 1688 2647 προφή-

229 2661 321 2697 τιδος
349 2661 531 2704 ἐπακούεις,
552 2665 613 2698 τοῦ
637 2677 677 2709 γε
697 2666 762 2698 σοῦ
781 2663 927 2699 ἄκουσον
954 2665 1167 2710 φιλοσόφου,
1188 2666 1249 2699 τοῦ
1267 2663 1435 2711 Ἐφεσίου
1452 2663 1688 2712 Ἡρακλείτου,

274 2820 379 2844 cxxv,
404 2813 554 2852 μυεῦντω
579 2813 699 2845 Euseb.
716 2825 722 2844 :
747 2813 898 2853 μυοῦνται
915 2813 1097 2846 Clementis
1119 2814 1231 2852 codd.;
1254 2815 1311 2847 sed
1327 2826 1358 2848 v.
1375 2816 1523 2858 Bernays
1543 2815 1584 2848 de
1599 2815 1686 2859 Epp.

229 2863 393 2896 Heraclit.
411 2875 443 2906 p.
463 2874 534 2906 134.

273 2923 391 2947 cxxvl.
416 2914 452 2947 οὔ
467 2928 497 2948 τι
514 2917 564 2949 ed.
581 2917 757 2949 Hoesehel.
776 2919 825 2958 (et
840 2917 932 2950 codd.
950 2917 1091 2959 Oxon.):
1117 2917 1191 2949 οὔτε
1207 2918 1296 2960 vulg.
