<?xml version="1.0" encoding="UTF-8"?>
<!DOCTYPE html PUBLIC "-//W3C//DTD XHTML 1.0 Transitional//EN"
    "http://www.w3.org/TR/xhtml1/DTD/xhtml1-transitional.dtd">
<html xmlns="http://www.w3.org/1999/xhtml" xml:lang="en" lang="en">
 <head>
  <title>
</title>
<meta http-equiv="Content-Type" content="text/html;charset=utf-8" />
  <meta name='ocr-system' content='tesseract 3.04.00' />
  <meta name='ocr-capabilities' content='ocr_page ocr_carea ocr_par ocr_line ocrx_word'/>
</head>
<body>
  <div class='ocr_page' id='page_1' title='image "./reliquiaerecensu00herauoft_0093.png"; bbox 0 0 1893 3230; ppageno 0'>
   <div class='ocr_carea' id='block_1_1' title="bbox 797 246 1700 282">
    <p class='ocr_par' dir='ltr' id='par_1_1' title="bbox 797 246 1700 282">
     <span class='ocr_line' id='line_1_1' title="bbox 797 246 1700 282; baseline -0.002 -1"><span class='ocrx_word' id='word_1_1' title='bbox 797 254 1008 282; x_wconf 65' lang='lat' dir='ltr'>APPEme</span> <span class='ocrx_word' id='word_1_2' title='bbox 1030 266 1086 271; x_wconf 91' lang='lat'><em>—</em></span> <span class='ocrx_word' id='word_1_3' title='bbox 1110 254 1149 281; x_wconf 72' lang='lat' dir='ltr'>V.</span> <span class='ocrx_word' id='word_1_4' title='bbox 1652 246 1700 279; x_wconf 84' lang='lat'>75</span> 
     </span>
    </p>
   </div>
   <div class='ocr_carea' id='block_1_2' title="bbox 181 367 1719 2804">
    <p class='ocr_par' dir='ltr' id='par_1_2' title="bbox 237 367 1709 546">
     <span class='ocr_line' id='line_1_2' title="bbox 238 367 1707 414; baseline -0.001 -10"><span class='ocrx_word' id='word_1_5' title='bbox 238 369 267 404; x_wconf 78' lang='grc' dir='ltr'>δ’</span> <span class='ocrx_word' id='word_1_6' title='bbox 289 369 335 403; x_wconf 82' lang='grc' dir='ltr'>ὢν</span> <span class='ocrx_word' id='word_1_7' title='bbox 359 369 418 403; x_wconf 81' lang='grc' dir='ltr'>οὐκ</span> <span class='ocrx_word' id='word_1_8' title='bbox 441 368 531 414; x_wconf 81' lang='grc' dir='ltr'>ἀρκῶ</span> <span class='ocrx_word' id='word_1_9' title='bbox 559 371 660 404; x_wconf 91' lang='grc' dir='ltr'>πόλιν</span> <span class='ocrx_word' id='word_1_10' title='bbox 689 369 852 412; x_wconf 80' lang='grc' dir='ltr'>κολάζειν.</span> <span class='ocrx_word' id='word_1_11' title='bbox 886 369 1068 414; x_wconf 81' lang='grc' dir='ltr'>θαυμάζετε</span> <span class='ocrx_word' id='word_1_12' title='bbox 1098 369 1126 403; x_wconf 88' lang='grc' dir='ltr'>εἷ</span> <span class='ocrx_word' id='word_1_13' title='bbox 1155 368 1241 413; x_wconf 86' lang='grc' dir='ltr'>μηδέ</span> <span class='ocrx_word' id='word_1_14' title='bbox 1266 383 1319 402; x_wconf 90' lang='grc' dir='ltr'>πω</span> <span class='ocrx_word' id='word_1_15' title='bbox 1344 368 1448 414; x_wconf 86' lang='grc' dir='ltr'>γελῶ,</span> <span class='ocrx_word' id='word_1_16' title='bbox 1471 368 1537 412; x_wconf 85' lang='grc' dir='ltr'>ἐγὼ</span> <span class='ocrx_word' id='word_1_17' title='bbox 1564 367 1600 401; x_wconf 82' lang='grc' dir='ltr'>δέ</span> <span class='ocrx_word' id='word_1_18' title='bbox 1627 368 1707 403; x_wconf 83' lang='grc' dir='ltr'>τοὺς</span> 
     </span>
     <span class='ocr_line' id='line_1_3' title="bbox 237 432 1707 481; baseline -0.001 -12"><span class='ocrx_word' id='word_1_19' title='bbox 237 436 409 481; x_wconf 79' lang='grc' dir='ltr'>γελῶντας</span> <span class='ocrx_word' id='word_1_20' title='bbox 437 433 490 468; x_wconf 86' lang='grc' dir='ltr'>ὅτι</span> <span class='ocrx_word' id='word_1_21' title='bbox 518 433 710 469; x_wconf 82' lang='grc' dir='ltr'>ἀδικοῦντες</span> <span class='ocrx_word' id='word_1_22' title='bbox 736 432 911 480; x_wconf 80' lang='grc' dir='ltr'>χαίρουσι,</span> <span class='ocrx_word' id='word_1_23' title='bbox 939 434 1193 480; x_wconf 82' lang='grc' dir='ltr'>σκυθρωπάζειν</span> <span class='ocrx_word' id='word_1_24' title='bbox 1213 433 1289 467; x_wconf 81' lang='grc' dir='ltr'>δέον</span> <span class='ocrx_word' id='word_1_25' title='bbox 1308 433 1347 466; x_wconf 79' lang='grc' dir='ltr'>οὗ</span> <span class='ocrx_word' id='word_1_26' title='bbox 1372 432 1707 478; x_wconf 84' lang='grc' dir='ltr'>δικαιοπραγοῦντας.</span> 
     </span>
     <span class='ocr_line' id='line_1_4' title="bbox 238 497 1709 546; baseline -0.001 -12"><span class='ocrx_word' id='word_1_27' title='bbox 238 500 315 534; x_wconf 87' lang='grc' dir='ltr'>δότε</span> <span class='ocrx_word' id='word_1_28' title='bbox 334 514 391 545; x_wconf 92' lang='grc' dir='ltr'>μοι</span> <span class='ocrx_word' id='word_1_29' title='bbox 410 500 525 546; x_wconf 87' lang='grc' dir='ltr'>καιρὸν</span> <span class='ocrx_word' id='word_1_30' title='bbox 549 499 703 546; x_wconf 77' lang='grc' dir='ltr'>γέλωτος</span> <span class='ocrx_word' id='word_1_31' title='bbox 722 499 757 534; x_wconf 82' lang='grc' dir='ltr'>ἐν</span> <span class='ocrx_word' id='word_1_32' title='bbox 776 498 898 546; x_wconf 81' lang='grc' dir='ltr'>εἰρήνῃ,</span> <span class='ocrx_word' id='word_1_33' title='bbox 919 500 1010 534; x_wconf 86' lang='grc' dir='ltr'>ὥστε</span> <span class='ocrx_word' id='word_1_34' title='bbox 1029 500 1072 545; x_wconf 87' lang='grc' dir='ltr'>μὴ</span> <span class='ocrx_word' id='word_1_35' title='bbox 1093 500 1148 534; x_wconf 88' lang='grc' dir='ltr'>ε’πὶ</span> <span class='ocrx_word' id='word_1_36' title='bbox 1167 500 1208 533; x_wconf 88' lang='grc' dir='ltr'>τὰ</span> <span class='ocrx_word' id='word_1_37' title='bbox 1232 498 1433 545; x_wconf 85' lang='grc' dir='ltr'>δικαστήρια</span> <span class='ocrx_word' id='word_1_38' title='bbox 1459 497 1709 545; x_wconf 83' lang='grc' dir='ltr'>στρατεύεσθαι</span> 
     </span>
    </p>

    <p class='ocr_par' dir='ltr' id='par_1_3' title="bbox 237 561 1711 612">
     <span class='ocr_line' id='line_1_5' title="bbox 237 561 1711 612; baseline -0.001 -13"><span class='ocrx_word' id='word_1_39' title='bbox 237 566 273 599; x_wconf 79' lang='grc' dir='ltr'>ἒν</span> <span class='ocrx_word' id='word_1_40' title='bbox 290 567 363 601; x_wconf 81' lang='grc' dir='ltr'>ταῖς</span> <span class='ocrx_word' id='word_1_41' title='bbox 384 566 553 612; x_wconf 87' lang='grc' dir='ltr'>γλώτταις</span> <span class='ocrx_word' id='word_1_42' title='bbox 581 566 717 611; x_wconf 71' lang='grc' dir='ltr'>ἔχοντες</span> <span class='ocrx_word' id='word_1_43' title='bbox 745 565 787 599; x_wconf 84' lang='grc' dir='ltr'>τὰ</span> <span class='ocrx_word' id='word_1_44' title='bbox 816 564 917 609; x_wconf 84' lang='grc' dir='ltr'>ὅπλα,</span> <span class='ocrx_word' id='word_1_45' title='bbox 938 564 1209 610; x_wconf 86' lang='grc' dir='ltr'>ἀπεστερηκότες</span> <span class='ocrx_word' id='word_1_46' title='bbox 1236 563 1403 610; x_wconf 79' lang='grc' dir='ltr'>χρήματα,</span> <span class='ocrx_word' id='word_1_47' title='bbox 1423 565 1583 610; x_wconf 81' lang='grc' dir='ltr'>γυναῖκας</span> <span class='ocrx_word' id='word_1_48' title='bbox 1610 561 1711 610; x_wconf 86' lang='grc' dir='ltr'>φθεί-</span> 
     </span>
    </p>

    <p class='ocr_par' dir='ltr' id='par_1_4' title="bbox 181 628 1719 2375">
     <span class='ocr_line' id='line_1_6' title="bbox 201 628 1712 677; baseline 0.001 -13"><span class='ocrx_word' id='word_1_49' title='bbox 201 639 219 671; x_wconf 86' lang='grc'><strong><em>5</em></strong></span> <span class='ocrx_word' id='word_1_50' title='bbox 237 645 366 676; x_wconf 88' lang='grc' dir='ltr'>ραντες,</span> <span class='ocrx_word' id='word_1_51' title='bbox 397 630 524 675; x_wconf 90' lang='grc' dir='ltr'>φίλους</span> <span class='ocrx_word' id='word_1_52' title='bbox 552 629 867 677; x_wconf 80' lang='grc' dir='ltr'>φαρμακεύσαντες,</span> <span class='ocrx_word' id='word_1_53' title='bbox 899 629 1193 676; x_wconf 78' lang='grc' dir='ltr'>ἱεροσυλήσαντες,</span> <span class='ocrx_word' id='word_1_54' title='bbox 1224 628 1564 676; x_wconf 81' lang='grc' dir='ltr'>προαγωγεύσαντες,</span> <span class='ocrx_word' id='word_1_55' title='bbox 1599 629 1712 676; x_wconf 79' lang='grc' dir='ltr'>ὅρκοις</span> 
     </span>
     <span class='ocr_line' id='line_1_7' title="bbox 238 694 1712 742; baseline -0.001 -12"><span class='ocrx_word' id='word_1_56' title='bbox 238 695 456 742; x_wconf 78' lang='grc' dir='ltr'>φωραθέντες</span> <span class='ocrx_word' id='word_1_57' title='bbox 488 695 640 737; x_wconf 66' lang='grc' dir='ltr'>ἄπιστοι,</span> <span class='ocrx_word' id='word_1_58' title='bbox 676 695 957 741; x_wconf 86' lang='grc' dir='ltr'>τυμπανίσαντες,</span> <span class='ocrx_word' id='word_1_59' title='bbox 991 694 1099 730; x_wconf 68' lang='grc' dir='ltr'>ἄλλος</span> <span class='ocrx_word' id='word_1_60' title='bbox 1132 694 1244 729; x_wconf 81' lang='grc' dir='ltr'>ι’ίλλου</span> <span class='ocrx_word' id='word_1_61' title='bbox 1278 694 1409 741; x_wconf 80' lang='grc' dir='ltr'>πλήρης</span> <span class='ocrx_word' id='word_1_62' title='bbox 1448 697 1557 731; x_wconf 87' lang='grc' dir='ltr'>κακοῦ.</span> <span class='ocrx_word' id='word_1_63' title='bbox 1605 697 1712 729; x_wconf 84' lang='grc' dir='ltr'>ταῦτα</span> 
     </span>
     <span class='ocr_line' id='line_1_8' title="bbox 236 760 1712 808; baseline 0.001 -14"><span class='ocrx_word' id='word_1_64' title='bbox 236 761 376 807; x_wconf 88' lang='grc' dir='ltr'>γελάσω</span> <span class='ocrx_word' id='word_1_65' title='bbox 399 762 487 806; x_wconf 83' lang='grc' dir='ltr'>ὁρῶν</span> <span class='ocrx_word' id='word_1_66' title='bbox 505 760 704 808; x_wconf 78' lang='grc' dir='ltr'>ἀνθρώπους</span> <span class='ocrx_word' id='word_1_67' title='bbox 724 763 906 796; x_wconf 83' lang='grc' dir='ltr'>ποιοῦντας</span> <span class='ocrx_word' id='word_1_68' title='bbox 925 760 943 805; x_wconf 86' lang='grc' dir='ltr'>ἢ</span> <span class='ocrx_word' id='word_1_69' title='bbox 964 760 1093 804; x_wconf 82' lang='grc' dir='ltr'>ἐσθῆτα</span> <span class='ocrx_word' id='word_1_70' title='bbox 1116 761 1169 795; x_wconf 84' lang='grc' dir='ltr'>καὶ</span> <span class='ocrx_word' id='word_1_71' title='bbox 1194 760 1305 807; x_wconf 84' lang='grc' dir='ltr'>γένεια</span> <span class='ocrx_word' id='word_1_72' title='bbox 1328 761 1381 794; x_wconf 86' lang='grc' dir='ltr'>καὶ</span> <span class='ocrx_word' id='word_1_73' title='bbox 1409 762 1562 806; x_wconf 86' lang='grc' dir='ltr'>κεφαλῆς</span> <span class='ocrx_word' id='word_1_74' title='bbox 1585 761 1712 796; x_wconf 80' lang='grc' dir='ltr'>πόνους</span> 
     </span>
     <span class='ocr_line' id='line_1_9' title="bbox 237 825 1712 873; baseline 0.001 -13"><span class='ocrx_word' id='word_1_75' title='bbox 237 825 467 870; x_wconf 82' lang='grc' dir='ltr'>ἀτημελήτους</span> <span class='ocrx_word' id='word_1_76' title='bbox 505 825 523 871; x_wconf 87' lang='grc' dir='ltr'>ἢ</span> <span class='ocrx_word' id='word_1_77' title='bbox 556 828 697 872; x_wconf 84' lang='grc' dir='ltr'>γυναῖκα</span> <span class='ocrx_word' id='word_1_78' title='bbox 730 826 933 873; x_wconf 84' lang='grc' dir='ltr'>φαρμακέως</span> <span class='ocrx_word' id='word_1_79' title='bbox 971 827 1214 872; x_wconf 82' lang='grc' dir='ltr'>ἐπειλημμένην</span> <span class='ocrx_word' id='word_1_80' title='bbox 1251 825 1368 860; x_wconf 82' lang='grc' dir='ltr'>τέκνου</span> <span class='ocrx_word' id='word_1_81' title='bbox 1405 825 1424 870; x_wconf 85' lang='grc' dir='ltr'>ἢ</span> <span class='ocrx_word' id='word_1_82' title='bbox 1462 827 1616 873; x_wconf 84' lang='grc' dir='ltr'>μειράκια</span> <span class='ocrx_word' id='word_1_83' title='bbox 1653 827 1712 870; x_wconf 84' lang='grc' dir='ltr'>τῆς</span> 
     </span>
     <span class='ocr_line' id='line_1_10' title="bbox 238 890 1710 939; baseline 0 -14"><span class='ocrx_word' id='word_1_84' title='bbox 238 891 357 927; x_wconf 81' lang='grc' dir='ltr'>οὐσίας</span> <span class='ocrx_word' id='word_1_85' title='bbox 391 891 628 939; x_wconf 80' lang='grc' dir='ltr'>ἐκβεβρωμένα</span> <span class='ocrx_word' id='word_1_86' title='bbox 656 891 675 937; x_wconf 89' lang='grc' dir='ltr'>ἢ</span> <span class='ocrx_word' id='word_1_87' title='bbox 705 893 850 936; x_wconf 90' lang='grc' dir='ltr'>πολίτην</span> <span class='ocrx_word' id='word_1_88' title='bbox 877 893 1024 938; x_wconf 85' lang='grc' dir='ltr'>γαμετῆς</span> <span class='ocrx_word' id='word_1_89' title='bbox 1051 890 1270 938; x_wconf 78' lang='grc' dir='ltr'>ἀφῃρημένον</span> <span class='ocrx_word' id='word_1_90' title='bbox 1296 890 1315 936; x_wconf 89' lang='grc' dir='ltr'>ἢ</span> <span class='ocrx_word' id='word_1_91' title='bbox 1345 892 1445 937; x_wconf 89' lang='grc' dir='ltr'>κόρην</span> <span class='ocrx_word' id='word_1_92' title='bbox 1477 892 1538 937; x_wconf 85' lang='grc' dir='ltr'>βίᾳ</span> <span class='ocrx_word' id='word_1_93' title='bbox 1568 891 1710 937; x_wconf 85' lang='grc' dir='ltr'>διαπαρ-</span> 
     </span>
     <span class='ocr_line' id='line_1_11' title="bbox 182 956 1713 1004; baseline -0.001 -13"><span class='ocrx_word' id='word_1_94' title='bbox 182 965 221 987; x_wconf 94' lang='lat'>10</span> <span class='ocrx_word' id='word_1_95' title='bbox 239 956 455 991; x_wconf 86' lang='grc' dir='ltr'>θενευθεῖσαν</span> <span class='ocrx_word' id='word_1_96' title='bbox 483 957 518 992; x_wconf 82' lang='grc' dir='ltr'>ἐν</span> <span class='ocrx_word' id='word_1_97' title='bbox 546 958 750 1003; x_wconf 85' lang='grc' dir='ltr'>παννυχίσιν</span> <span class='ocrx_word' id='word_1_98' title='bbox 778 957 797 1002; x_wconf 83' lang='grc' dir='ltr'>ἢ</span> <span class='ocrx_word' id='word_1_99' title='bbox 827 958 962 1004; x_wconf 84' lang='grc' dir='ltr'>ἑταίραν</span> <span class='ocrx_word' id='word_1_100' title='bbox 991 960 1084 992; x_wconf 77' lang='grc' dir='ltr'>οὔπω</span> <span class='ocrx_word' id='word_1_101' title='bbox 1112 958 1255 1004; x_wconf 82' lang='grc' dir='ltr'>γυναῖκα</span> <span class='ocrx_word' id='word_1_102' title='bbox 1285 957 1338 990; x_wconf 86' lang='grc' dir='ltr'>καὶ</span> <span class='ocrx_word' id='word_1_103' title='bbox 1366 959 1533 1002; x_wconf 85' lang='grc' dir='ltr'>γυναικῶν</span> <span class='ocrx_word' id='word_1_104' title='bbox 1562 956 1713 1001; x_wconf 69' lang='grc' dir='ltr'>ἔχουσαν</span> 
     </span>
     <span class='ocr_line' id='line_1_12' title="bbox 238 1021 1713 1070; baseline -0.001 -14"><span class='ocrx_word' id='word_1_105' title='bbox 238 1022 300 1067; x_wconf 78' lang='grc' dir='ltr'>ἤδη</span> <span class='ocrx_word' id='word_1_106' title='bbox 329 1022 419 1066; x_wconf 87' lang='grc' dir='ltr'>πάθη</span> <span class='ocrx_word' id='word_1_107' title='bbox 440 1022 458 1067; x_wconf 87' lang='grc' dir='ltr'>ἢ</span> <span class='ocrx_word' id='word_1_108' title='bbox 480 1023 535 1057; x_wconf 84' lang='grc' dir='ltr'>διὰ</span> <span class='ocrx_word' id='word_1_109' title='bbox 563 1022 751 1070; x_wconf 82' lang='grc' dir='ltr'>ἀσέλγειαν</span> <span class='ocrx_word' id='word_1_110' title='bbox 780 1023 956 1057; x_wconf 84' lang='grc' dir='ltr'>νεανίσκον</span> <span class='ocrx_word' id='word_1_111' title='bbox 985 1022 1041 1057; x_wconf 82' lang='grc' dir='ltr'>ἕνα</span> <span class='ocrx_word' id='word_1_112' title='bbox 1069 1024 1204 1058; x_wconf 88' lang='grc' dir='ltr'>πόλεως</span> <span class='ocrx_word' id='word_1_113' title='bbox 1233 1022 1380 1068; x_wconf 81' lang='grc' dir='ltr'>ἐραστὴν</span> <span class='ocrx_word' id='word_1_114' title='bbox 1408 1021 1532 1066; x_wconf 79' lang='grc' dir='ltr'>ὅληςῆ</span> <span class='ocrx_word' id='word_1_115' title='bbox 1559 1022 1618 1057; x_wconf 84' lang='grc' dir='ltr'>τὰς</span> <span class='ocrx_word' id='word_1_116' title='bbox 1645 1025 1713 1055; x_wconf 85' lang='grc' dir='ltr'>τῶν</span> 
     </span>
     <span class='ocr_line' id='line_1_13' title="bbox 238 1085 1714 1134; baseline 0.001 -14"><span class='ocrx_word' id='word_1_117' title='bbox 238 1086 361 1120; x_wconf 85' lang='grc' dir='ltr'>ἐλαιῶν</span> <span class='ocrx_word' id='word_1_118' title='bbox 388 1086 520 1134; x_wconf 84' lang='grc' dir='ltr'>φθορὰς</span> <span class='ocrx_word' id='word_1_119' title='bbox 550 1087 585 1121; x_wconf 83' lang='grc' dir='ltr'>ἐν</span> <span class='ocrx_word' id='word_1_120' title='bbox 613 1086 731 1134; x_wconf 80' lang='grc' dir='ltr'>μύροις</span> <span class='ocrx_word' id='word_1_121' title='bbox 752 1087 770 1132; x_wconf 84' lang='grc' dir='ltr'>ἢ</span> <span class='ocrx_word' id='word_1_122' title='bbox 793 1086 905 1124; x_wconf 51' lang='grc' dir='ltr'>1Ϋτοὺς</span> <span class='ocrx_word' id='word_1_123' title='bbox 935 1088 971 1122; x_wconf 82' lang='grc' dir='ltr'>ἐν</span> <span class='ocrx_word' id='word_1_124' title='bbox 1000 1087 1213 1123; x_wconf 79' lang='grc' dir='ltr'>συνδείπνοις</span> <span class='ocrx_word' id='word_1_125' title='bbox 1231 1088 1426 1133; x_wconf 87' lang='grc' dir='ltr'>γινομένους</span> <span class='ocrx_word' id='word_1_126' title='bbox 1455 1087 1509 1120; x_wconf 85' lang='grc' dir='ltr'>διὰ</span> <span class='ocrx_word' id='word_1_127' title='bbox 1538 1085 1714 1122; x_wconf 80' lang='grc' dir='ltr'>δακτύλων</span> 
     </span>
     <span class='ocr_line' id='line_1_14' title="bbox 237 1151 1714 1199; baseline 0.001 -13"><span class='ocrx_word' id='word_1_128' title='bbox 237 1153 396 1188; x_wconf 88' lang='grc' dir='ltr'>πλείονας</span> <span class='ocrx_word' id='word_1_129' title='bbox 424 1152 443 1197; x_wconf 88' lang='grc' dir='ltr'>ἢ</span> <span class='ocrx_word' id='word_1_130' title='bbox 473 1155 533 1188; x_wconf 87' lang='grc' dir='ltr'>τὰς</span> <span class='ocrx_word' id='word_1_131' title='bbox 562 1151 604 1187; x_wconf 83' lang='grc' dir='ltr'>δι’</span> <span class='ocrx_word' id='word_1_132' title='bbox 635 1153 831 1198; x_wconf 84' lang='grc' dir='ltr'>ἐδεσμάτων</span> <span class='ocrx_word' id='word_1_133' title='bbox 864 1153 1088 1188; x_wconf 86' lang='grc' dir='ltr'>πολυτελείας</span> <span class='ocrx_word' id='word_1_134' title='bbox 1121 1153 1174 1186; x_wconf 86' lang='grc' dir='ltr'>καὶ</span> <span class='ocrx_word' id='word_1_135' title='bbox 1206 1152 1380 1199; x_wconf 80' lang='grc' dir='ltr'>γαστέρας</span> <span class='ocrx_word' id='word_1_136' title='bbox 1412 1151 1559 1198; x_wconf 89' lang='grc' dir='ltr'>ῥέουσας</span> <span class='ocrx_word' id='word_1_137' title='bbox 1587 1151 1606 1196; x_wconf 85' lang='grc' dir='ltr'>ἢ</span> <span class='ocrx_word' id='word_1_138' title='bbox 1635 1151 1714 1187; x_wconf 81' lang='grc' dir='ltr'>τοὺς</span> 
     </span>
     <span class='ocr_line' id='line_1_15' title="bbox 239 1216 1714 1264; baseline -0.001 -12"><span class='ocrx_word' id='word_1_139' title='bbox 239 1217 295 1252; x_wconf 86' lang='grc' dir='ltr'>ἐπὶ</span> <span class='ocrx_word' id='word_1_140' title='bbox 324 1219 449 1262; x_wconf 83' lang='grc' dir='ltr'>σκηνῆς</span> <span class='ocrx_word' id='word_1_141' title='bbox 477 1217 810 1264; x_wconf 86' lang='grc' dir='ltr'>ἀγωνοθετουμένους</span> <span class='ocrx_word' id='word_1_142' title='bbox 845 1216 1002 1263; x_wconf 51' lang='grc' dir='ltr'>δήμουςῆ·</span> <span class='ocrx_word' id='word_1_143' title='bbox 1030 1218 1073 1252; x_wconf 87' lang='grc' dir='ltr'>τὰ</span> <span class='ocrx_word' id='word_1_144' title='bbox 1100 1218 1233 1264; x_wconf 89' lang='grc' dir='ltr'>μεγάλα</span> <span class='ocrx_word' id='word_1_145' title='bbox 1262 1217 1395 1257; x_wconf 83' lang='grc' dir='ltr'>δίκαια;</span> <span class='ocrx_word' id='word_1_146' title='bbox 1424 1216 1554 1262; x_wconf 81' lang='grc' dir='ltr'>ἀφήσει</span> <span class='ocrx_word' id='word_1_147' title='bbox 1584 1217 1623 1251; x_wconf 89' lang='grc' dir='ltr'>δέ</span> <span class='ocrx_word' id='word_1_148' title='bbox 1647 1231 1714 1261; x_wconf 91' lang='grc' dir='ltr'>μου</span> 
     </span>
     <span class='ocr_line' id='line_1_16' title="bbox 181 1281 1714 1330; baseline 0.001 -13"><span class='ocrx_word' id='word_1_149' title='bbox 181 1288 218 1323; x_wconf 82' lang='lat'>15</span> <span class='ocrx_word' id='word_1_150' title='bbox 238 1283 297 1327; x_wconf 88' lang='grc' dir='ltr'>τὴν</span> <span class='ocrx_word' id='word_1_151' title='bbox 330 1282 416 1330; x_wconf 74' lang='grc' dir='ltr'>ὅψιν</span> <span class='ocrx_word' id='word_1_152' title='bbox 448 1283 549 1329; x_wconf 87' lang='grc' dir='ltr'>ἀρετὴ</span> <span class='ocrx_word' id='word_1_153' title='bbox 583 1283 726 1329; x_wconf 82' lang='grc' dir='ltr'>χυθῆναι</span> <span class='ocrx_word' id='word_1_154' title='bbox 759 1283 887 1330; x_wconf 80' lang='grc' dir='ltr'>ὑστέρα</span> <span class='ocrx_word' id='word_1_155' title='bbox 924 1281 1085 1330; x_wconf 81' lang='grc' dir='ltr'>πονηρίας</span> <span class='ocrx_word' id='word_1_156' title='bbox 1116 1283 1324 1330; x_wconf 70' lang='grc' dir='ltr'>τεταγμένης</span> <span class='ocrx_word' id='word_1_157' title='bbox 1367 1282 1386 1327; x_wconf 87' lang='grc' dir='ltr'>ἢ</span> <span class='ocrx_word' id='word_1_158' title='bbox 1421 1282 1501 1318; x_wconf 75' lang='grc' dir='ltr'>τοὺς</span> <span class='ocrx_word' id='word_1_159' title='bbox 1534 1282 1714 1326; x_wconf 77' lang='grc' dir='ltr'>ἀληθινοὺς</span> 
     </span>
     <span class='ocr_line' id='line_1_17' title="bbox 239 1347 1712 1395; baseline 0 -14"><span class='ocrx_word' id='word_1_160' title='bbox 239 1347 330 1392; x_wconf 82' lang='grc' dir='ltr'>ὑμῶν</span> <span class='ocrx_word' id='word_1_161' title='bbox 372 1349 542 1394; x_wconf 83' lang='grc' dir='ltr'>πολέμους</span> <span class='ocrx_word' id='word_1_162' title='bbox 580 1349 734 1395; x_wconf 83' lang='grc' dir='ltr'>γελάσω,</span> <span class='ocrx_word' id='word_1_163' title='bbox 774 1347 830 1383; x_wconf 82' lang='grc' dir='ltr'>ὅτε</span> <span class='ocrx_word' id='word_1_164' title='bbox 867 1349 1064 1393; x_wconf 87' lang='grc' dir='ltr'>προφάσεις</span> <span class='ocrx_word' id='word_1_165' title='bbox 1101 1347 1312 1392; x_wconf 81' lang='grc' dir='ltr'>ἀδικημάτων</span> <span class='ocrx_word' id='word_1_166' title='bbox 1349 1347 1574 1393; x_wconf 84' lang='grc' dir='ltr'>ποιησάμενοι</span> <span class='ocrx_word' id='word_1_167' title='bbox 1612 1362 1712 1382; x_wconf 89' lang='grc' dir='ltr'>κατα-</span> 
     </span>
     <span class='ocr_line' id='line_1_18' title="bbox 238 1412 1714 1460; baseline 0.001 -14"><span class='ocrx_word' id='word_1_168' title='bbox 238 1413 475 1458; x_wconf 87' lang='grc' dir='ltr'>μιαιφονεῖσθε</span> <span class='ocrx_word' id='word_1_169' title='bbox 504 1412 664 1457; x_wconf 79' lang='grc' dir='ltr'>δύστηνοι</span> <span class='ocrx_word' id='word_1_170' title='bbox 694 1414 732 1457; x_wconf 79' lang='grc' dir='ltr'>ἐξ</span> <span class='ocrx_word' id='word_1_171' title='bbox 761 1413 947 1459; x_wconf 87' lang='grc' dir='ltr'>ἀνθρώπων</span> <span class='ocrx_word' id='word_1_172' title='bbox 975 1413 1073 1459; x_wconf 86' lang='grc' dir='ltr'>θηρία</span> <span class='ocrx_word' id='word_1_173' title='bbox 1101 1415 1292 1460; x_wconf 80' lang='grc' dir='ltr'>γεγονότες,</span> <span class='ocrx_word' id='word_1_174' title='bbox 1315 1414 1432 1449; x_wconf 80' lang='grc' dir='ltr'>αὐλοῖς</span> <span class='ocrx_word' id='word_1_175' title='bbox 1461 1414 1513 1447; x_wconf 81' lang='grc' dir='ltr'>καὶ</span> <span class='ocrx_word' id='word_1_176' title='bbox 1544 1413 1714 1459; x_wconf 79' lang='grc' dir='ltr'>σάλπιγξι</span> 
     </span>
     <span class='ocr_line' id='line_1_19' title="bbox 238 1477 1716 1525; baseline 0.001 -14"><span class='ocrx_word' id='word_1_177' title='bbox 238 1477 293 1512; x_wconf 83' lang='grc' dir='ltr'>διὰ</span> <span class='ocrx_word' id='word_1_178' title='bbox 331 1481 497 1523; x_wconf 85' lang='grc' dir='ltr'>μουσικῆς</span> <span class='ocrx_word' id='word_1_179' title='bbox 535 1480 582 1515; x_wconf 90' lang='grc' dir='ltr'>εἷς</span> <span class='ocrx_word' id='word_1_180' title='bbox 618 1479 754 1523; x_wconf 73' lang='grc' dir='ltr'>ἄμουσα</span> <span class='ocrx_word' id='word_1_181' title='bbox 791 1479 880 1523; x_wconf 89' lang='grc' dir='ltr'>πάθη</span> <span class='ocrx_word' id='word_1_182' title='bbox 918 1478 1196 1524; x_wconf 81' lang='grc' dir='ltr'>παροξυνόμενοι,</span> <span class='ocrx_word' id='word_1_183' title='bbox 1232 1478 1370 1525; x_wconf 84' lang='grc' dir='ltr'>σίδηρος</span> <span class='ocrx_word' id='word_1_184' title='bbox 1409 1479 1446 1513; x_wconf 83' lang='grc' dir='ltr'>δέ</span> <span class='ocrx_word' id='word_1_185' title='bbox 1478 1477 1631 1525; x_wconf 80' lang='grc' dir='ltr'>ἀρότρων</span> <span class='ocrx_word' id='word_1_186' title='bbox 1663 1479 1716 1513; x_wconf 84' lang='grc' dir='ltr'>καὶ</span> 
     </span>
     <span class='ocr_line' id='line_1_20' title="bbox 238 1542 1716 1592; baseline 0.001 -15"><span class='ocrx_word' id='word_1_187' title='bbox 238 1543 408 1590; x_wconf 80' lang='grc' dir='ltr'>γεωργίας</span> <span class='ocrx_word' id='word_1_188' title='bbox 437 1545 645 1591; x_wconf 85' lang='grc' dir='ltr'>δικαιότερον</span> <span class='ocrx_word' id='word_1_189' title='bbox 674 1544 820 1591; x_wconf 73' lang='grc' dir='ltr'>ὄργανον</span> <span class='ocrx_word' id='word_1_190' title='bbox 850 1546 1004 1590; x_wconf 78' lang='grc' dir='ltr'>σφαγαῖς</span> <span class='ocrx_word' id='word_1_191' title='bbox 1033 1545 1086 1579; x_wconf 81' lang='grc' dir='ltr'>καὶ</span> <span class='ocrx_word' id='word_1_192' title='bbox 1119 1544 1250 1592; x_wconf 85' lang='grc' dir='ltr'>θανάτῳ</span> <span class='ocrx_word' id='word_1_193' title='bbox 1279 1544 1512 1591; x_wconf 79' lang='grc' dir='ltr'>ηὐτρέπισται,</span> <span class='ocrx_word' id='word_1_194' title='bbox 1543 1542 1716 1590; x_wconf 79' lang='grc' dir='ltr'>ὑβρίζεται</span> 
     </span>
     <span class='ocr_line' id='line_1_21' title="bbox 183 1608 1715 1656; baseline 0 -13"><span class='ocrx_word' id='word_1_195' title='bbox 183 1617 224 1639; x_wconf 84' lang='grc'>20</span> <span class='ocrx_word' id='word_1_196' title='bbox 243 1608 280 1643; x_wconf 79' lang='grc' dir='ltr'>δὲ</span> <span class='ocrx_word' id='word_1_197' title='bbox 300 1608 341 1643; x_wconf 84' lang='grc' dir='ltr'>δι’</span> <span class='ocrx_word' id='word_1_198' title='bbox 361 1609 454 1654; x_wconf 81' lang='grc' dir='ltr'>ὑμῶν</span> <span class='ocrx_word' id='word_1_199' title='bbox 474 1610 561 1653; x_wconf 85' lang='grc' dir='ltr'>θεός,</span> <span class='ocrx_word' id='word_1_200' title='bbox 581 1609 705 1654; x_wconf 80' lang='grc' dir='ltr'>Ἀθηνᾶ</span> <span class='ocrx_word' id='word_1_201' title='bbox 724 1611 954 1656; x_wconf 90' lang='grc' dir='ltr'>πολεμίστρια</span> <span class='ocrx_word' id='word_1_202' title='bbox 974 1610 1026 1643; x_wconf 86' lang='grc' dir='ltr'>καὶ</span> <span class='ocrx_word' id='word_1_203' title='bbox 1038 1608 1147 1656; x_wconf 72' lang='grc' dir='ltr'>’Ἄρης</span> <span class='ocrx_word' id='word_1_204' title='bbox 1167 1610 1318 1645; x_wconf 82' lang='grc' dir='ltr'>ἐνυάλιος</span> <span class='ocrx_word' id='word_1_205' title='bbox 1338 1608 1552 1655; x_wconf 69' lang='grc' dir='ltr'>καλούμενος,</span> <span class='ocrx_word' id='word_1_206' title='bbox 1576 1610 1715 1655; x_wconf 84' lang='grc' dir='ltr'>φάλαγ-</span> 
     </span>
     <span class='ocr_line' id='line_1_22' title="bbox 241 1673 1714 1722; baseline 0.001 -14"><span class='ocrx_word' id='word_1_207' title='bbox 241 1689 304 1721; x_wconf 84' lang='grc' dir='ltr'>γας</span> <span class='ocrx_word' id='word_1_208' title='bbox 324 1675 360 1709; x_wconf 81' lang='grc' dir='ltr'>δέ</span> <span class='ocrx_word' id='word_1_209' title='bbox 380 1674 647 1719; x_wconf 84' lang='grc' dir='ltr'>ἀντιστήσαντες</span> <span class='ocrx_word' id='word_1_210' title='bbox 670 1675 842 1722; x_wconf 76' lang='grc' dir='ltr'>ἅνθρωποι</span> <span class='ocrx_word' id='word_1_211' title='bbox 871 1676 953 1710; x_wconf 86' lang='grc' dir='ltr'>κατὰ</span> <span class='ocrx_word' id='word_1_212' title='bbox 982 1675 1170 1721; x_wconf 88' lang='grc' dir='ltr'>ἀνθρώπων</span> <span class='ocrx_word' id='word_1_213' title='bbox 1197 1673 1360 1719; x_wconf 86' lang='grc' dir='ltr'>ἀλλήλων</span> <span class='ocrx_word' id='word_1_214' title='bbox 1388 1675 1530 1722; x_wconf 87' lang='grc' dir='ltr'>σφαγὰς</span> <span class='ocrx_word' id='word_1_215' title='bbox 1558 1675 1714 1720; x_wconf 72' lang='grc' dir='ltr'>εὔχεσθε,</span> 
     </span>
     <span class='ocr_line' id='line_1_23' title="bbox 243 1739 1717 1787; baseline 0.003 -15"><span class='ocrx_word' id='word_1_216' title='bbox 243 1739 287 1775; x_wconf 87' lang='grc' dir='ltr'>ὡς</span> <span class='ocrx_word' id='word_1_217' title='bbox 306 1739 531 1776; x_wconf 82' lang='grc' dir='ltr'>λειποτάκτας</span> <span class='ocrx_word' id='word_1_218' title='bbox 552 1741 631 1776; x_wconf 76' lang='grc' dir='ltr'>τοὺς</span> <span class='ocrx_word' id='word_1_219' title='bbox 655 1741 700 1786; x_wconf 86' lang='grc' dir='ltr'>μὴ</span> <span class='ocrx_word' id='word_1_220' title='bbox 729 1742 994 1787; x_wconf 85' lang='grc' dir='ltr'>μιαιφονοῦντας</span> <span class='ocrx_word' id='word_1_221' title='bbox 1022 1739 1265 1786; x_wconf 82' lang='grc' dir='ltr'>τιμωρούμενοι</span> <span class='ocrx_word' id='word_1_222' title='bbox 1294 1741 1346 1775; x_wconf 83' lang='grc' dir='ltr'>καὶ</span> <span class='ocrx_word' id='word_1_223' title='bbox 1376 1741 1420 1776; x_wconf 86' lang='grc' dir='ltr'>ὡς</span> <span class='ocrx_word' id='word_1_224' title='bbox 1449 1740 1609 1786; x_wconf 82' lang='grc' dir='ltr'>ἀριστέας</span> <span class='ocrx_word' id='word_1_225' title='bbox 1637 1740 1717 1777; x_wconf 78' lang='grc' dir='ltr'>τοὺς</span> 
     </span>
     <span class='ocr_line' id='line_1_24' title="bbox 242 1804 1718 1852; baseline 0.001 -14"><span class='ocrx_word' id='word_1_226' title='bbox 242 1804 540 1848; x_wconf 84' lang='grc' dir='ltr'>ε’μπλεονάσαντας</span> <span class='ocrx_word' id='word_1_227' title='bbox 570 1805 683 1851; x_wconf 81' lang='grc' dir='ltr'>αἵματι</span> <span class='ocrx_word' id='word_1_228' title='bbox 712 1810 898 1851; x_wconf 85' lang='grc' dir='ltr'>τιμῶντες;</span> <span class='ocrx_word' id='word_1_229' title='bbox 932 1807 1067 1842; x_wconf 84' lang='grc' dir='ltr'>λέοντες</span> <span class='ocrx_word' id='word_1_230' title='bbox 1096 1805 1124 1841; x_wconf 79' lang='grc' dir='ltr'>δ’</span> <span class='ocrx_word' id='word_1_231' title='bbox 1146 1807 1211 1852; x_wconf 75' lang='grc' dir='ltr'>οὐχ</span> <span class='ocrx_word' id='word_1_232' title='bbox 1241 1806 1436 1850; x_wconf 81' lang='grc' dir='ltr'>ὁπλίζονται</span> <span class='ocrx_word' id='word_1_233' title='bbox 1465 1805 1534 1840; x_wconf 88' lang='grc' dir='ltr'>κατ’</span> <span class='ocrx_word' id='word_1_234' title='bbox 1555 1805 1718 1850; x_wconf 85' lang='grc' dir='ltr'>ἀλλήλων</span> 
     </span>
     <span class='ocr_line' id='line_1_25' title="bbox 242 1870 1719 1918; baseline 0.001 -14"><span class='ocrx_word' id='word_1_235' title='bbox 242 1870 320 1905; x_wconf 80' lang='grc' dir='ltr'>οὐδὲ</span> <span class='ocrx_word' id='word_1_236' title='bbox 349 1871 435 1917; x_wconf 81' lang='grc' dir='ltr'>ξίφη</span> <span class='ocrx_word' id='word_1_237' title='bbox 468 1871 769 1916; x_wconf 82' lang='grc' dir='ltr'>ἀναλαμβάνουσιν</span> <span class='ocrx_word' id='word_1_238' title='bbox 797 1873 831 1907; x_wconf 82' lang='grc' dir='ltr'>αἱ</span> <span class='ocrx_word' id='word_1_239' title='bbox 863 1871 972 1913; x_wconf 79' lang='grc' dir='ltr'>ἵπποι,</span> <span class='ocrx_word' id='word_1_240' title='bbox 1005 1872 1082 1906; x_wconf 80' lang='grc' dir='ltr'>οὐδὲ</span> <span class='ocrx_word' id='word_1_241' title='bbox 1115 1871 1406 1918; x_wconf 86' lang='grc' dir='ltr'>τεθωρακισμένον</span> <span class='ocrx_word' id='word_1_242' title='bbox 1434 1871 1474 1907; x_wconf 85' lang='grc' dir='ltr'>ἂν</span> <span class='ocrx_word' id='word_1_243' title='bbox 1506 1870 1592 1908; x_wconf 80' lang='grc' dir='ltr'>ἴδοις</span> <span class='ocrx_word' id='word_1_244' title='bbox 1620 1872 1719 1906; x_wconf 81' lang='grc' dir='ltr'>ἀετὸν</span> 
     </span>
     <span class='ocr_line' id='line_1_26' title="bbox 184 1934 1718 1985; baseline 0 -15"><span class='ocrx_word' id='word_1_245' title='bbox 184 1943 223 1976; x_wconf 84' lang='lat'>25</span> <span class='ocrx_word' id='word_1_246' title='bbox 241 1934 293 1970; x_wconf 82' lang='grc' dir='ltr'>ἐπ’</span> <span class='ocrx_word' id='word_1_247' title='bbox 314 1935 411 1984; x_wconf 81' lang='grc' dir='ltr'>ἀετῷ.</span> <span class='ocrx_word' id='word_1_248' title='bbox 441 1936 539 1970; x_wconf 76' lang='grc' dir='ltr'>οὐδὲν</span> <span class='ocrx_word' id='word_1_249' title='bbox 567 1936 657 1970; x_wconf 72' lang='grc' dir='ltr'>ἄλλο</span> <span class='ocrx_word' id='word_1_250' title='bbox 685 1937 796 1982; x_wconf 81' lang='grc' dir='ltr'>μάχης</span> <span class='ocrx_word' id='word_1_251' title='bbox 824 1937 895 1982; x_wconf 77' lang='grc' dir='ltr'>ἕχει</span> <span class='ocrx_word' id='word_1_252' title='bbox 924 1936 1079 1983; x_wconf 74' lang='grc' dir='ltr'>ὄργανον,</span> <span class='ocrx_word' id='word_1_253' title='bbox 1101 1935 1179 1971; x_wconf 87' lang='grc' dir='ltr'>ἀλλ’</span> <span class='ocrx_word' id='word_1_254' title='bbox 1200 1937 1333 1985; x_wconf 79' lang='grc' dir='ltr'>ἑκάστῳ</span> <span class='ocrx_word' id='word_1_255' title='bbox 1356 1937 1398 1971; x_wconf 85' lang='grc' dir='ltr'>τὰ</span> <span class='ocrx_word' id='word_1_256' title='bbox 1426 1936 1509 1983; x_wconf 87' lang='grc' dir='ltr'>μέρη</span> <span class='ocrx_word' id='word_1_257' title='bbox 1535 1938 1587 1971; x_wconf 86' lang='grc' dir='ltr'>καὶ</span> <span class='ocrx_word' id='word_1_258' title='bbox 1612 1937 1718 1972; x_wconf 86' lang='grc' dir='ltr'>ὅπλα·</span> 
     </span>
     <span class='ocr_line' id='line_1_27' title="bbox 241 1997 1716 2053; baseline 0.002 -18"><span class='ocrx_word' id='word_1_259' title='bbox 241 2003 312 2037; x_wconf 81' lang='grc' dir='ltr'>τοῖς</span> <span class='ocrx_word' id='word_1_260' title='bbox 340 2001 402 2045; x_wconf 77' lang='grc' dir='ltr'>μὲν</span> <span class='ocrx_word' id='word_1_261' title='bbox 430 2000 552 2048; x_wconf 87' lang='grc' dir='ltr'>κέρατα</span> <span class='ocrx_word' id='word_1_262' title='bbox 580 2002 622 2036; x_wconf 83' lang='grc' dir='ltr'>τὰ</span> <span class='ocrx_word' id='word_1_263' title='bbox 651 2001 753 2046; x_wconf 74' lang='grc' dir='ltr'>ὅπλα,</span> <span class='ocrx_word' id='word_1_264' title='bbox 784 2004 854 2038; x_wconf 84' lang='grc' dir='ltr'>τοῖς</span> <span class='ocrx_word' id='word_1_265' title='bbox 883 2002 919 2036; x_wconf 79' lang='grc' dir='ltr'>δὲ</span> <span class='ocrx_word' id='word_1_266' title='bbox 947 2001 1070 2049; x_wconf 78' lang='grc' dir='ltr'>ῥύγχη,</span> <span class='ocrx_word' id='word_1_267' title='bbox 1092 2004 1163 2038; x_wconf 79' lang='grc' dir='ltr'>τοῖς</span> <span class='ocrx_word' id='word_1_268' title='bbox 1191 2002 1228 2036; x_wconf 77' lang='grc' dir='ltr'>δέ</span> <span class='ocrx_word' id='word_1_269' title='bbox 1257 2003 1373 2048; x_wconf 78' lang='grc' dir='ltr'>πτερά,</span> <span class='ocrx_word' id='word_1_270' title='bbox 1400 1997 1487 2053; x_wconf 79' lang='grc' dir='ltr'>[τοῖς</span> <span class='ocrx_word' id='word_1_271' title='bbox 1516 2003 1552 2037; x_wconf 82' lang='grc' dir='ltr'>δέ</span> <span class='ocrx_word' id='word_1_272' title='bbox 1581 1998 1716 2053; x_wconf 78' lang='grc' dir='ltr'>τάχος,]</span> 
     </span>
     <span class='ocr_line' id='line_1_28' title="bbox 241 2065 1717 2114; baseline 0.002 -15"><span class='ocrx_word' id='word_1_273' title='bbox 241 2065 365 2102; x_wconf 79' lang='grc' dir='ltr'>ἅλλοις</span> <span class='ocrx_word' id='word_1_274' title='bbox 392 2067 546 2113; x_wconf 87' lang='grc' dir='ltr'>μέγεθος,</span> <span class='ocrx_word' id='word_1_275' title='bbox 577 2066 698 2103; x_wconf 76' lang='grc' dir='ltr'>ἅλλοις</span> <span class='ocrx_word' id='word_1_276' title='bbox 726 2067 895 2114; x_wconf 80' lang='grc' dir='ltr'>ὀλιγότης,</span> <span class='ocrx_word' id='word_1_277' title='bbox 925 2065 976 2104; x_wconf 73' lang='grc' dir='ltr'>οἷς</span> <span class='ocrx_word' id='word_1_278' title='bbox 1004 2067 1040 2102; x_wconf 83' lang='grc' dir='ltr'>δέ</span> <span class='ocrx_word' id='word_1_279' title='bbox 1069 2068 1184 2113; x_wconf 87' lang='grc' dir='ltr'>τάχος,</span> <span class='ocrx_word' id='word_1_280' title='bbox 1214 2065 1264 2104; x_wconf 80' lang='grc' dir='ltr'>οἷς</span> <span class='ocrx_word' id='word_1_281' title='bbox 1297 2068 1334 2102; x_wconf 78' lang='grc' dir='ltr'>δὲ</span> <span class='ocrx_word' id='word_1_282' title='bbox 1367 2067 1470 2112; x_wconf 80' lang='grc' dir='ltr'>νῆξις,</span> <span class='ocrx_word' id='word_1_283' title='bbox 1501 2069 1645 2103; x_wconf 84' lang='grc' dir='ltr'>πολλοῖς</span> <span class='ocrx_word' id='word_1_284' title='bbox 1681 2068 1717 2102; x_wconf 81' lang='grc' dir='ltr'>δέ</span> 
     </span>
     <span class='ocr_line' id='line_1_29' title="bbox 241 2132 1719 2181; baseline 0.001 -16"><span class='ocrx_word' id='word_1_285' title='bbox 241 2133 380 2176; x_wconf 88' lang='grc' dir='ltr'>πνεῦμα.</span> <span class='ocrx_word' id='word_1_286' title='bbox 424 2132 522 2166; x_wconf 78' lang='grc' dir='ltr'>οὐδέν</span> <span class='ocrx_word' id='word_1_287' title='bbox 553 2132 657 2179; x_wconf 79' lang='grc' dir='ltr'>ξίφος</span> <span class='ocrx_word' id='word_1_288' title='bbox 687 2133 800 2179; x_wconf 68' lang='grc' dir='ltr'>ἄλογα</span> <span class='ocrx_word' id='word_1_289' title='bbox 830 2135 920 2168; x_wconf 85' lang='grc' dir='ltr'>ποιεῖ</span> <span class='ocrx_word' id='word_1_290' title='bbox 951 2134 1017 2181; x_wconf 77' lang='grc' dir='ltr'>ζῷα</span> <span class='ocrx_word' id='word_1_291' title='bbox 1047 2133 1178 2179; x_wconf 89' lang='grc' dir='ltr'>χαίρειν</span> <span class='ocrx_word' id='word_1_292' title='bbox 1215 2134 1347 2179; x_wconf 83' lang='grc' dir='ltr'>ὁρῶντα</span> <span class='ocrx_word' id='word_1_293' title='bbox 1385 2134 1646 2179; x_wconf 84' lang='grc' dir='ltr'>φυλαττόμενον</span> <span class='ocrx_word' id='word_1_294' title='bbox 1684 2134 1719 2167; x_wconf 82' lang='grc' dir='ltr'>ἐν</span> 
     </span>
     <span class='ocr_line' id='line_1_30' title="bbox 242 2196 1719 2244; baseline 0.001 -14"><span class='ocrx_word' id='word_1_295' title='bbox 242 2197 356 2233; x_wconf 82' lang='grc' dir='ltr'>αὑτοῖς</span> <span class='ocrx_word' id='word_1_296' title='bbox 383 2196 526 2244; x_wconf 83' lang='grc' dir='ltr'>φύσεως</span> <span class='ocrx_word' id='word_1_297' title='bbox 561 2199 676 2243; x_wconf 87' lang='grc' dir='ltr'>νόμον,</span> <span class='ocrx_word' id='word_1_298' title='bbox 707 2198 785 2232; x_wconf 88' lang='grc' dir='ltr'>ἀλλ’</span> <span class='ocrx_word' id='word_1_299' title='bbox 814 2199 874 2233; x_wconf 79' lang='grc' dir='ltr'>οὐκ</span> <span class='ocrx_word' id='word_1_300' title='bbox 908 2198 943 2232; x_wconf 86' lang='grc' dir='ltr'>ἐν</span> <span class='ocrx_word' id='word_1_301' title='bbox 970 2198 1167 2244; x_wconf 88' lang='grc' dir='ltr'>ἀνθρώποις.</span> <span class='ocrx_word' id='word_1_302' title='bbox 1213 2200 1348 2243; x_wconf 84' lang='grc' dir='ltr'>μᾶλλον</span> <span class='ocrx_word' id='word_1_303' title='bbox 1380 2199 1418 2233; x_wconf 80' lang='grc' dir='ltr'>δὲ</span> <span class='ocrx_word' id='word_1_304' title='bbox 1452 2197 1579 2235; x_wconf 60' lang='grc' dir='ltr'>’Ϋτοῦτο</span> <span class='ocrx_word' id='word_1_305' title='bbox 1612 2200 1719 2233; x_wconf 84' lang='grc' dir='ltr'>πλέον</span> 
     </span>
     <span class='ocr_line' id='line_1_31' title="bbox 184 2261 1719 2309; baseline 0.001 -12"><span class='ocrx_word' id='word_1_306' title='bbox 184 2272 225 2303; x_wconf 82' lang='grc'>30</span> <span class='ocrx_word' id='word_1_307' title='bbox 243 2262 284 2297; x_wconf 84' lang='grc' dir='ltr'>ἂν</span> <span class='ocrx_word' id='word_1_308' title='bbox 315 2261 364 2307; x_wconf 80' lang='grc' dir='ltr'>ε’ίη</span> <span class='ocrx_word' id='word_1_309' title='bbox 393 2265 591 2309; x_wconf 82' lang='grc' dir='ltr'>παράβασις</span> <span class='ocrx_word' id='word_1_310' title='bbox 619 2264 654 2298; x_wconf 88' lang='grc' dir='ltr'>ἐν</span> <span class='ocrx_word' id='word_1_311' title='bbox 683 2264 854 2309; x_wconf 87' lang='grc' dir='ltr'>κρείττοσι</span> <span class='ocrx_word' id='word_1_312' title='bbox 882 2265 922 2298; x_wconf 89' lang='grc' dir='ltr'>τὸ</span> <span class='ocrx_word' id='word_1_313' title='bbox 951 2262 1153 2306; x_wconf 52' lang='grc' dir='ltr'>ἀβέβαιονῆζ</span> <span class='ocrx_word' id='word_1_314' title='bbox 1195 2262 1296 2299; x_wconf 88' lang='grc' dir='ltr'>τέλος</span> <span class='ocrx_word' id='word_1_315' title='bbox 1325 2264 1361 2298; x_wconf 81' lang='grc' dir='ltr'>δέ</span> <span class='ocrx_word' id='word_1_316' title='bbox 1389 2263 1550 2309; x_wconf 84' lang='grc' dir='ltr'>πολέμων</span> <span class='ocrx_word' id='word_1_317' title='bbox 1579 2263 1611 2298; x_wconf 91' lang='grc' dir='ltr'>τί</span> <span class='ocrx_word' id='word_1_318' title='bbox 1640 2264 1719 2308; x_wconf 82' lang='grc' dir='ltr'>ὑμῖν</span> 
     </span>
     <span class='ocr_line' id='line_1_32' title="bbox 244 2327 1719 2375; baseline 0 -12"><span class='ocrx_word' id='word_1_319' title='bbox 244 2329 380 2363; x_wconf 78' lang='grc' dir='ltr'>εὐκτέον</span> <span class='ocrx_word' id='word_1_320' title='bbox 408 2329 496 2375; x_wconf 76' lang='grc' dir='ltr'>ἅρα,·</span> <span class='ocrx_word' id='word_1_321' title='bbox 535 2328 554 2374; x_wconf 91' lang='grc' dir='ltr'>ἢ</span> <span class='ocrx_word' id='word_1_322' title='bbox 584 2327 626 2363; x_wconf 81' lang='grc' dir='ltr'>δι’</span> <span class='ocrx_word' id='word_1_323' title='bbox 656 2329 762 2363; x_wconf 84' lang='grc' dir='ltr'>ἐκεῖνο</span> <span class='ocrx_word' id='word_1_324' title='bbox 790 2328 942 2364; x_wconf 81' lang='grc' dir='ltr'>παύσετέ</span> <span class='ocrx_word' id='word_1_325' title='bbox 967 2344 1009 2373; x_wconf 91' lang='grc' dir='ltr'>με</span> <span class='ocrx_word' id='word_1_326' title='bbox 1039 2327 1247 2375; x_wconf 73' lang='grc' dir='ltr'>κατηφειάςς</span> <span class='ocrx_word' id='word_1_327' title='bbox 1277 2329 1406 2369; x_wconf 86' lang='grc' dir='ltr'>πόθεν,·</span> <span class='ocrx_word' id='word_1_328' title='bbox 1441 2330 1519 2375; x_wconf 78' lang='grc' dir='ltr'>οὐχὶ</span> <span class='ocrx_word' id='word_1_329' title='bbox 1547 2329 1583 2363; x_wconf 77' lang='grc' dir='ltr'>δὲ</span> <span class='ocrx_word' id='word_1_330' title='bbox 1612 2329 1719 2364; x_wconf 90' lang='grc' dir='ltr'>πλέον</span> 
     </span>
    </p>

    <p class='ocr_par' dir='ltr' id='par_1_5' title="bbox 322 2393 1718 2441">
     <span class='ocr_line' id='line_1_33' title="bbox 322 2393 1718 2441; baseline 0.001 -12"><span class='ocrx_word' id='word_1_331' title='bbox 322 2423 329 2430; x_wconf 93' lang='grc'>.</span> <span class='ocrx_word' id='word_1_332' title='bbox 361 2393 550 2441; x_wconf 81' lang='grc' dir='ltr'>ὁμοφύλων</span> <span class='ocrx_word' id='word_1_333' title='bbox 583 2395 687 2441; x_wconf 85' lang='grc' dir='ltr'>σφῶν</span> <span class='ocrx_word' id='word_1_334' title='bbox 719 2395 772 2429; x_wconf 81' lang='grc' dir='ltr'>καὶ</span> <span class='ocrx_word' id='word_1_335' title='bbox 806 2394 1113 2441; x_wconf 81' lang='grc' dir='ltr'>δενδροτομουμένη</span> <span class='ocrx_word' id='word_1_336' title='bbox 1151 2395 1194 2441; x_wconf 82' lang='grc' dir='ltr'>γῆ</span> <span class='ocrx_word' id='word_1_337' title='bbox 1233 2395 1287 2429; x_wconf 85' lang='grc' dir='ltr'>καὶ</span> <span class='ocrx_word' id='word_1_338' title='bbox 1325 2394 1578 2441; x_wconf 82' lang='grc' dir='ltr'>ἀναρπαζομένη</span> <span class='ocrx_word' id='word_1_339' title='bbox 1617 2396 1718 2430; x_wconf 89' lang='grc' dir='ltr'>πόλις</span> 
     </span>
    </p>

    <p class='ocr_par' dir='ltr' id='par_1_6' title="bbox 244 2460 1719 2507">
     <span class='ocr_line' id='line_1_34' title="bbox 244 2460 1719 2507; baseline 0 -13"><span class='ocrx_word' id='word_1_340' title='bbox 244 2460 297 2495; x_wconf 81' lang='grc' dir='ltr'>καὶ</span> <span class='ocrx_word' id='word_1_341' title='bbox 316 2461 422 2507; x_wconf 81' lang='grc' dir='ltr'>γῆρας</span> <span class='ocrx_word' id='word_1_342' title='bbox 443 2461 778 2506; x_wconf 77' lang='grc' dir='ltr'>προπηλακιζόμενον</span> <span class='ocrx_word' id='word_1_343' title='bbox 803 2461 856 2494; x_wconf 79' lang='grc' dir='ltr'>καὶ</span> <span class='ocrx_word' id='word_1_344' title='bbox 884 2462 1038 2506; x_wconf 76' lang='grc' dir='ltr'>γυναῖκες</span> <span class='ocrx_word' id='word_1_345' title='bbox 1061 2460 1271 2507; x_wconf 87' lang='grc' dir='ltr'>ἀπαγόμεναι</span> <span class='ocrx_word' id='word_1_346' title='bbox 1294 2461 1348 2494; x_wconf 85' lang='grc' dir='ltr'>καὶ</span> <span class='ocrx_word' id='word_1_347' title='bbox 1375 2461 1472 2495; x_wconf 81' lang='grc' dir='ltr'>τέκνα</span> <span class='ocrx_word' id='word_1_348' title='bbox 1497 2461 1535 2504; x_wconf 81' lang='grc' dir='ltr'>ἐξ</span> <span class='ocrx_word' id='word_1_349' title='bbox 1561 2460 1719 2507; x_wconf 84' lang='grc' dir='ltr'>ἀγκαλῶν</span> 
     </span>
    </p>

    <p class='ocr_par' dir='ltr' id='par_1_7' title="bbox 290 2550 1718 2593">
     <span class='ocr_line' id='line_1_35' title="bbox 290 2550 1718 2593; baseline -0.001 -9"><span class='ocrx_word' id='word_1_350' title='bbox 290 2563 303 2584; x_wconf 90' lang='grc'>1</span> <span class='ocrx_word' id='word_1_351' title='bbox 324 2552 350 2583; x_wconf 85' lang='grc' dir='ltr'>δ’</span> <span class='ocrx_word' id='word_1_352' title='bbox 368 2553 442 2584; x_wconf 83' lang='lat' dir='ltr'>add.</span> <span class='ocrx_word' id='word_1_353' title='bbox 462 2553 490 2583; x_wconf 88' lang='grc' dir='ltr'>Β</span> <span class='ocrx_word' id='word_1_354' title='bbox 537 2557 549 2591; x_wconf 81' lang='grc' dir='ltr'>Η</span> <span class='ocrx_word' id='word_1_355' title='bbox 598 2561 615 2593; x_wconf 88' lang='grc'>5</span> <span class='ocrx_word' id='word_1_356' title='bbox 635 2551 747 2592; x_wconf 78' lang='grc' dir='ltr'>ὄχλοις</span> <span class='ocrx_word' id='word_1_357' title='bbox 763 2550 930 2592; x_wconf 84' lang='grc' dir='ltr'>ὁραθέντες</span> <span class='ocrx_word' id='word_1_358' title='bbox 946 2552 1037 2593; x_wconf 83' lang='lat' dir='ltr'>vulg.</span> <span class='ocrx_word' id='word_1_359' title='bbox 1056 2563 1137 2583; x_wconf 87' lang='lat' dir='ltr'>corr.</span> <span class='ocrx_word' id='word_1_360' title='bbox 1155 2553 1184 2583; x_wconf 90' lang='lat' dir='ltr'>B</span> <span class='ocrx_word' id='word_1_361' title='bbox 1239 2556 1252 2591; x_wconf 78' lang='grc' dir='ltr'>Η</span> <span class='ocrx_word' id='word_1_362' title='bbox 1313 2561 1349 2584; x_wconf 88' lang='lat'>12</span> <span class='ocrx_word' id='word_1_363' title='bbox 1367 2551 1425 2583; x_wconf 79' lang='grc' dir='ltr'>τὰς</span> <span class='ocrx_word' id='word_1_364' title='bbox 1441 2552 1475 2583; x_wconf 80' lang='grc' dir='ltr'>ἐν</span> <span class='ocrx_word' id='word_1_365' title='bbox 1491 2563 1523 2584; x_wconf 91' lang='grc' dir='ltr'>σ.</span> <span class='ocrx_word' id='word_1_366' title='bbox 1539 2553 1718 2593; x_wconf 80' lang='grc' dir='ltr'>γινομένοις</span> 
     </span>
    </p>

    <p class='ocr_par' dir='ltr' id='par_1_8' title="bbox 245 2603 1719 2646">
     <span class='ocr_line' id='line_1_36' title="bbox 245 2603 1719 2646; baseline 0.001 -10"><span class='ocrx_word' id='word_1_367' title='bbox 245 2604 295 2636; x_wconf 81' lang='grc' dir='ltr'>διὰ</span> <span class='ocrx_word' id='word_1_368' title='bbox 311 2603 487 2636; x_wconf 80' lang='grc' dir='ltr'>δακτυλίων</span> <span class='ocrx_word' id='word_1_369' title='bbox 500 2604 658 2645; x_wconf 75' lang='grc' dir='ltr'>παροινίας</span> <span class='ocrx_word' id='word_1_370' title='bbox 673 2605 703 2636; x_wconf 89' lang='grc' dir='ltr'>Β</span> <span class='ocrx_word' id='word_1_371' title='bbox 718 2616 723 2636; x_wconf 89' lang='lat'>:</span> <span class='ocrx_word' id='word_1_372' title='bbox 749 2604 804 2635; x_wconf 79' lang='grc' dir='ltr'>τὰς</span> <span class='ocrx_word' id='word_1_373' title='bbox 822 2604 856 2635; x_wconf 79' lang='grc' dir='ltr'>ἐν</span> <span class='ocrx_word' id='word_1_374' title='bbox 868 2615 899 2635; x_wconf 89' lang='grc' dir='ltr'>σ.</span> <span class='ocrx_word' id='word_1_375' title='bbox 911 2603 1100 2643; x_wconf 76' lang='grc' dir='ltr'>κενουμένας</span> <span class='ocrx_word' id='word_1_376' title='bbox 1117 2603 1166 2636; x_wconf 83' lang='grc' dir='ltr'>διὰ</span> <span class='ocrx_word' id='word_1_377' title='bbox 1182 2604 1346 2636; x_wconf 60' lang='lat' dir='ltr'>&amp;ammam</span> <span class='ocrx_word' id='word_1_378' title='bbox 1359 2604 1546 2646; x_wconf 85' lang='grc' dir='ltr'>πλησμονάς</span> <span class='ocrx_word' id='word_1_379' title='bbox 1559 2606 1719 2637; x_wconf 81' lang='lat' dir='ltr'>Doehner</span> 
     </span>
    </p>

    <p class='ocr_par' dir='ltr' id='par_1_9' title="bbox 247 2655 1719 2698">
     <span class='ocr_line' id='line_1_37' title="bbox 247 2655 1719 2698; baseline 0.001 -11"><span class='ocrx_word' id='word_1_380' title='bbox 247 2660 259 2695; x_wconf 82' lang='lat'>{1</span> <span class='ocrx_word' id='word_1_381' title='bbox 282 2667 320 2698; x_wconf 81' lang='lat'>13</span> <span class='ocrx_word' id='word_1_382' title='bbox 338 2656 424 2688; x_wconf 83' lang='grc' dir='ltr'>κάτω</span> <span class='ocrx_word' id='word_1_383' title='bbox 440 2655 595 2698; x_wconf 81' lang='grc' dir='ltr'>γαστέρος</span> <span class='ocrx_word' id='word_1_384' title='bbox 611 2657 640 2687; x_wconf 86' lang='grc' dir='ltr'>Β</span> <span class='ocrx_word' id='word_1_385' title='bbox 681 2661 693 2696; x_wconf 79' lang='grc' dir='ltr'>Η</span> <span class='ocrx_word' id='word_1_386' title='bbox 737 2665 777 2698; x_wconf 87' lang='lat'>14</span> <span class='ocrx_word' id='word_1_387' title='bbox 793 2658 922 2698; x_wconf 77' lang='grc' dir='ltr'>σκηναῖς</span> <span class='ocrx_word' id='word_1_388' title='bbox 940 2657 1010 2688; x_wconf 84' lang='lat' dir='ltr'>cod.</span> <span class='ocrx_word' id='word_1_389' title='bbox 1030 2657 1115 2694; x_wconf 69' lang='lat' dir='ltr'>Pal„</span> <span class='ocrx_word' id='word_1_390' title='bbox 1131 2658 1160 2688; x_wconf 91' lang='lat' dir='ltr'>B</span> <span class='ocrx_word' id='word_1_391' title='bbox 1177 2669 1182 2689; x_wconf 82' lang='lat' dir='ltr'>z</span> <span class='ocrx_word' id='word_1_392' title='bbox 1212 2658 1370 2689; x_wconf 80' lang='lat' dir='ltr'><strong>excidisse</strong></span> <span class='ocrx_word' id='word_1_393' title='bbox 1386 2659 1546 2689; x_wconf 79' lang='lat' dir='ltr'>nonnuUa</span> <span class='ocrx_word' id='word_1_394' title='bbox 1560 2659 1719 2689; x_wconf 79' lang='lat' dir='ltr'>videntur</span> 
     </span>
    </p>

    <p class='ocr_par' dir='ltr' id='par_1_10' title="bbox 246 2707 1718 2804">
     <span class='ocr_line' id='line_1_38' title="bbox 248 2707 1718 2751; baseline 0.001 -12"><span class='ocrx_word' id='word_1_395' title='bbox 248 2712 260 2747; x_wconf 81' lang='grc'>11</span> <span class='ocrx_word' id='word_1_396' title='bbox 284 2717 321 2749; x_wconf 88' lang='lat'>15</span> <span class='ocrx_word' id='word_1_397' title='bbox 339 2710 524 2750; x_wconf 86' lang='grc' dir='ltr'>διαχυθῆναι</span> <span class='ocrx_word' id='word_1_398' title='bbox 542 2710 571 2740; x_wconf 88' lang='grc' dir='ltr'>Β</span> <span class='ocrx_word' id='word_1_399' title='bbox 628 2713 640 2747; x_wconf 82' lang='grc' dir='ltr'>Η</span> <span class='ocrx_word' id='word_1_400' title='bbox 699 2709 738 2740; x_wconf 89' lang='lat'>16</span> <span class='ocrx_word' id='word_1_401' title='bbox 755 2710 831 2740; x_wconf 61' lang='lat' dir='ltr'>forta.</span> <span class='ocrx_word' id='word_1_402' title='bbox 850 2707 918 2740; x_wconf 75' lang='grc' dir='ltr'>εἶτα</span> <span class='ocrx_word' id='word_1_403' title='bbox 933 2709 1151 2750; x_wconf 86' lang='grc' dir='ltr'>μιαιφονεΐσθε</span> <span class='ocrx_word' id='word_1_404' title='bbox 1208 2714 1220 2748; x_wconf 74' lang='grc' dir='ltr'>ΙΙ</span> <span class='ocrx_word' id='word_1_405' title='bbox 1284 2716 1321 2750; x_wconf 84' lang='lat'>17</span> <span class='ocrx_word' id='word_1_406' title='bbox 1338 2708 1467 2750; x_wconf 79' lang='grc' dir='ltr'>μάστιξι</span> <span class='ocrx_word' id='word_1_407' title='bbox 1484 2711 1573 2751; x_wconf 85' lang='lat' dir='ltr'>vulg.</span> <span class='ocrx_word' id='word_1_408' title='bbox 1590 2721 1671 2741; x_wconf 68' lang='lat' dir='ltr'>corr.</span> <span class='ocrx_word' id='word_1_409' title='bbox 1688 2710 1718 2740; x_wconf 90' lang='lat' dir='ltr'><strong>B</strong></span> 
     </span>
     <span class='ocr_line' id='line_1_39' title="bbox 246 2760 1718 2804; baseline 0 -12"><span class='ocrx_word' id='word_1_410' title='bbox 246 2761 397 2793; x_wconf 84' lang='lat' dir='ltr'>Hercher</span> <span class='ocrx_word' id='word_1_411' title='bbox 459 2765 471 2800; x_wconf 87' lang='grc' dir='ltr'>ΙΙ</span> <span class='ocrx_word' id='word_1_412' title='bbox 537 2771 576 2804; x_wconf 88' lang='grc'>19</span> <span class='ocrx_word' id='word_1_413' title='bbox 594 2762 721 2802; x_wconf 82' lang='grc' dir='ltr'>σφαγῆς</span> <span class='ocrx_word' id='word_1_414' title='bbox 737 2761 788 2792; x_wconf 77' lang='grc' dir='ltr'>καὶ</span> <span class='ocrx_word' id='word_1_415' title='bbox 805 2760 949 2792; x_wconf 89' lang='grc' dir='ltr'>θανάτων</span> <span class='ocrx_word' id='word_1_416' title='bbox 965 2763 1004 2801; x_wconf 87' lang='lat' dir='ltr'>B,</span> <span class='ocrx_word' id='word_1_417' title='bbox 1022 2763 1114 2803; x_wconf 77' lang='lat' dir='ltr'>vulg.</span> <span class='ocrx_word' id='word_1_418' title='bbox 1132 2774 1138 2794; x_wconf 79' lang='lat' dir='ltr'><em>z</em></span> <span class='ocrx_word' id='word_1_419' title='bbox 1163 2773 1244 2794; x_wconf 64' lang='lat' dir='ltr'>corn</span> <span class='ocrx_word' id='word_1_420' title='bbox 1264 2763 1309 2792; x_wconf 92' lang='lat' dir='ltr'>W</span> <span class='ocrx_word' id='word_1_421' title='bbox 1372 2766 1384 2801; x_wconf 90' lang='grc' dir='ltr'>ΙΙ</span> <span class='ocrx_word' id='word_1_422' title='bbox 1453 2762 1492 2793; x_wconf 85' lang='grc'>26</span> <span class='ocrx_word' id='word_1_423' title='bbox 1509 2762 1584 2793; x_wconf 69' lang='lat' dir='ltr'><strong>fort.</strong></span> <span class='ocrx_word' id='word_1_424' title='bbox 1600 2762 1667 2793; x_wconf 79' lang='grc' dir='ltr'>τοῖς</span> <span class='ocrx_word' id='word_1_425' title='bbox 1683 2761 1718 2792; x_wconf 88' lang='grc' dir='ltr'>δὲ</span> 
     </span>
    </p>
   </div>
   <div class='ocr_carea' id='block_1_3' title="bbox 246 2812 1718 2907">
    <p class='ocr_par' dir='ltr' id='par_1_11' title="bbox 246 2812 1718 2907">
     <span class='ocr_line' id='line_1_40' title="bbox 246 2812 1718 2855; baseline 0.002 -12"><span class='ocrx_word' id='word_1_426' title='bbox 246 2812 373 2854; x_wconf 84' lang='grc' dir='ltr'>πτέρναι</span> <span class='ocrx_word' id='word_1_427' title='bbox 400 2817 412 2851; x_wconf 77' lang='grc' dir='ltr'>Η</span> <span class='ocrx_word' id='word_1_428' title='bbox 441 2820 479 2853; x_wconf 87' lang='lat'>27</span> <span class='ocrx_word' id='word_1_429' title='bbox 503 2812 606 2854; x_wconf 85' lang='grc' dir='ltr'>τάχος</span> <span class='ocrx_word' id='word_1_430' title='bbox 621 2814 749 2845; x_wconf 84' lang='lat' dir='ltr'><strong>Aldina</strong></span> <span class='ocrx_word' id='word_1_431' title='bbox 765 2826 770 2844; x_wconf 88' lang='lat'>:</span> <span class='ocrx_word' id='word_1_432' title='bbox 796 2812 900 2854; x_wconf 74' lang='grc' dir='ltr'>πάχος</span> <span class='ocrx_word' id='word_1_433' title='bbox 916 2814 1008 2846; x_wconf 90' lang='lat' dir='ltr'>codd.</span> <span class='ocrx_word' id='word_1_434' title='bbox 1026 2814 1188 2845; x_wconf 83' lang='lat' dir='ltr'>Mazarin.</span> <span class='ocrx_word' id='word_1_435' title='bbox 1202 2815 1284 2853; x_wconf 68' lang='lat' dir='ltr'>Pal„</span> <span class='ocrx_word' id='word_1_436' title='bbox 1299 2815 1373 2845; x_wconf 88' lang='lat' dir='ltr'>WB</span> <span class='ocrx_word' id='word_1_437' title='bbox 1399 2818 1411 2853; x_wconf 85' lang='grc' dir='ltr'>Η</span> <span class='ocrx_word' id='word_1_438' title='bbox 1441 2815 1479 2845; x_wconf 86' lang='lat'>28</span> <span class='ocrx_word' id='word_1_439' title='bbox 1496 2814 1588 2845; x_wconf 82' lang='grc' dir='ltr'>οὐδὲν</span> <span class='ocrx_word' id='word_1_440' title='bbox 1603 2815 1694 2855; x_wconf 82' lang='lat' dir='ltr'>vulg.</span> <span class='ocrx_word' id='word_1_441' title='bbox 1710 2826 1718 2846; x_wconf 72' lang='grc' dir='ltr'>ε</span> 
     </span>
     <span class='ocr_line' id='line_1_41' title="bbox 247 2864 1716 2907; baseline 0.001 -12"><span class='ocrx_word' id='word_1_442' title='bbox 247 2864 350 2895; x_wconf 77' lang='grc' dir='ltr'>οὐδενὶ</span> <span class='ocrx_word' id='word_1_443' title='bbox 367 2865 436 2896; x_wconf 86' lang='lat' dir='ltr'><strong>cod.</strong></span> <span class='ocrx_word' id='word_1_444' title='bbox 452 2866 542 2897; x_wconf 63' lang='lat' dir='ltr'>BIaz.</span> <span class='ocrx_word' id='word_1_445' title='bbox 562 2877 567 2896; x_wconf 90' lang='lat'>:</span> <span class='ocrx_word' id='word_1_446' title='bbox 593 2866 670 2896; x_wconf 72' lang='lat' dir='ltr'><strong>fort.</strong></span> <span class='ocrx_word' id='word_1_447' title='bbox 687 2865 759 2896; x_wconf 82' lang='grc' dir='ltr'>οὐδὲ</span> <span class='ocrx_word' id='word_1_448' title='bbox 777 2866 845 2906; x_wconf 79' lang='lat' dir='ltr'>(vel</span> <span class='ocrx_word' id='word_1_449' title='bbox 861 2866 925 2897; x_wconf 78' lang='grc' dir='ltr'>οὐδ’</span> <span class='ocrx_word' id='word_1_450' title='bbox 941 2865 985 2897; x_wconf 80' lang='grc' dir='ltr'>ἔνι</span> <span class='ocrx_word' id='word_1_451' title='bbox 1003 2869 1030 2906; x_wconf 81' lang='grc' dir='ltr'>ξ.</span> <span class='ocrx_word' id='word_1_452' title='bbox 1047 2864 1077 2897; x_wconf 86' lang='grc' dir='ltr'>ἅ.</span> <span class='ocrx_word' id='word_1_453' title='bbox 1097 2867 1212 2906; x_wconf 83' lang='grc' dir='ltr'>ποιεῖν)</span> <span class='ocrx_word' id='word_1_454' title='bbox 1273 2870 1285 2905; x_wconf 85' lang='grc' dir='ltr'>Η</span> <span class='ocrx_word' id='word_1_455' title='bbox 1346 2876 1384 2907; x_wconf 85' lang='grc'>29</span> <span class='ocrx_word' id='word_1_456' title='bbox 1401 2867 1500 2897; x_wconf 87' lang='grc' dir='ltr'>τοῦτο</span> <span class='ocrx_word' id='word_1_457' title='bbox 1516 2866 1588 2897; x_wconf 87' lang='grc' dir='ltr'>δέον</span> <span class='ocrx_word' id='word_1_458' title='bbox 1604 2865 1642 2897; x_wconf 85' lang='grc' dir='ltr'>ἂν</span> <span class='ocrx_word' id='word_1_459' title='bbox 1659 2865 1716 2906; x_wconf 85' lang='grc' dir='ltr'>εἴη.</span> 
     </span>
    </p>
   </div>
   <div class='ocr_carea' id='block_1_4' title="bbox 247 2915 1716 3010">
    <p class='ocr_par' dir='ltr' id='par_1_12' title="bbox 247 2915 1716 3010">
     <span class='ocr_line' id='line_1_42' title="bbox 247 2915 1716 2958; baseline 0.001 -12"><span class='ocrx_word' id='word_1_460' title='bbox 247 2918 267 2956; x_wconf 90' lang='grc' dir='ltr'>ἡ</span> <span class='ocrx_word' id='word_1_461' title='bbox 284 2928 314 2947; x_wconf 95' lang='grc' dir='ltr'>π.</span> <span class='ocrx_word' id='word_1_462' title='bbox 332 2916 366 2947; x_wconf 80' lang='grc' dir='ltr'>ἐν</span> <span class='ocrx_word' id='word_1_463' title='bbox 382 2915 550 2957; x_wconf 82' lang='grc' dir='ltr'>κρείττοσι.</span> <span class='ocrx_word' id='word_1_464' title='bbox 567 2915 606 2947; x_wconf 83' lang='grc' dir='ltr'>τὸ</span> <span class='ocrx_word' id='word_1_465' title='bbox 623 2916 780 2952; x_wconf 82' lang='grc' dir='ltr'>ἀβέβαιον</span> <span class='ocrx_word' id='word_1_466' title='bbox 803 2917 837 2949; x_wconf 82' lang='grc' dir='ltr'>δὲ</span> <span class='ocrx_word' id='word_1_467' title='bbox 861 2916 956 2949; x_wconf 82' lang='grc' dir='ltr'>τέλος</span> <span class='ocrx_word' id='word_1_468' title='bbox 972 2919 1001 2949; x_wconf 90' lang='grc' dir='ltr'>Β</span> <span class='ocrx_word' id='word_1_469' title='bbox 1049 2922 1061 2956; x_wconf 84' lang='grc' dir='ltr'>Η</span> <span class='ocrx_word' id='word_1_470' title='bbox 1112 2927 1148 2958; x_wconf 79' lang='lat'>31</span> <span class='ocrx_word' id='word_1_471' title='bbox 1168 2918 1243 2949; x_wconf 76' lang='lat' dir='ltr'><strong>fort.</strong></span> <span class='ocrx_word' id='word_1_472' title='bbox 1261 2918 1406 2949; x_wconf 78' lang='grc' dir='ltr'>εὐκταῖον</span> <span class='ocrx_word' id='word_1_473' title='bbox 1453 2922 1465 2957; x_wconf 85' lang='grc' dir='ltr'>ΙΙ</span> <span class='ocrx_word' id='word_1_474' title='bbox 1513 2917 1612 2949; x_wconf 84' lang='grc' dir='ltr'>πλέον</span> <span class='ocrx_word' id='word_1_475' title='bbox 1628 2916 1648 2957; x_wconf 88' lang='grc' dir='ltr'>ἦ</span> <span class='ocrx_word' id='word_1_476' title='bbox 1664 2919 1716 2957; x_wconf 85' lang='grc' dir='ltr'>ὁμ,</span> 
     </span>
     <span class='ocr_line' id='line_1_43' title="bbox 250 2968 817 3010; baseline 0 -11"><span class='ocrx_word' id='word_1_477' title='bbox 250 2969 278 2999; x_wconf 84' lang='grc' dir='ltr'>Β</span> <span class='ocrx_word' id='word_1_478' title='bbox 293 2981 298 2999; x_wconf 87' lang='grc'>;</span> <span class='ocrx_word' id='word_1_479' title='bbox 324 2969 398 3000; x_wconf 71' lang='lat' dir='ltr'>fort.</span> <span class='ocrx_word' id='word_1_480' title='bbox 416 2968 514 3000; x_wconf 82' lang='grc' dir='ltr'>πλέον</span> <span class='ocrx_word' id='word_1_481' title='bbox 530 2968 592 2999; x_wconf 78' lang='grc' dir='ltr'>πᾶν</span> <span class='ocrx_word' id='word_1_482' title='bbox 607 2970 659 3008; x_wconf 83' lang='grc' dir='ltr'>ὁμ.</span> <span class='ocrx_word' id='word_1_483' title='bbox 680 2970 817 3010; x_wconf 83' lang='grc' dir='ltr'>σφαγῶν</span> 
     </span>
    </p>
   </div>
  </div>
 </body>
</html>
