1893 3230
227 240 274 273 10
707 243 988 273 HPAKAEITOY
1017 243 1204 273 ΕΦΕΣΙΟΥ

876 356 1023 397 XXII.

223 437 370 501 Πυρὸς
394 438 704 495 ἆνταμείβεται
730 436 875 484 πάντα
900 438 969 483 καὶ
994 442 1079 501 πῦρ
1104 436 1321 494 ἁπάντων,
1344 438 1493 503 ὥσπερ
1518 443 1685 502 χρυσοῦ

219 516 428 576 χρήματα
452 514 519 558 καὶ
550 511 786 577 χρημάτων
809 514 985 576 χρυσός.

865 613 1040 655 XXIII.

219 692 444 740 Θάλασσα
469 694 687 758 διαχέεται
713 696 780 740 καὶ
805 696 1033 759 μετρέεται
1061 697 1099 743 ἐς
1124 694 1202 741 τὸν
1227 695 1356 743 αὑτὸν
1375 696 1517 757 λόγον
1541 697 1682 745 ὁκοῖος

219 770 414 833 πρόσθεν
437 770 484 822 ἦν
509 770 532 823 ’ἦ
559 770 761 830 γενέσθαι
787 773 910 830 Τγῆἣ

273 911 376 937 XX11.
409 899 635 937 Plutarchus
665 900 711 937 de
742 900 796 936 EI
825 902 860 945 8,
887 913 922 949 p.
949 901 1045 947 388:
1078 902 1122 936 ὡς
1149 902 1216 947 γὰρ
1246 901 1369 945 ἐκείνην
1397 898 1493 949 (scil.
1521 901 1581 945 τὴν
1610 901 1681 935 δια-

217 969 417 1010 κοσμοῖσαν
450 964 573 1015 ἆρχὴν)
606 967 828 1001 πλάττουσαν
864 961 936 1016 [ita
970 964 1164 1014 Bernayst
1209 965 1312 1013 vulg.
1347 961 1612 1016 φυλάττουσαν]
1646 966 1682 1000 ἐκ

216 1033 278 1077 μὲν
311 1033 430 1076 ἑαυτῆς
461 1033 521 1066 τὸν
549 1031 679 1076 κόσμον
708 1031 743 1066 ε’κ
773 1032 808 1066 δὲ
838 1033 969 1075 κόσμου
997 1033 1103 1066 πάλιν
1136 1029 1177 1065 αὖ
1205 1031 1324 1076 ἑαυτὴν
1357 1031 1546 1074 ἀποτελεῖν,
1576 1033 1682 1076 πυρός

217 1112 254 1131 τε
287 1097 553 1141 ἀνταμείβεσθαι
583 1098 703 1141 πάντα,
734 1098 844 1143 φησὶν
872 1098 890 1131 ὁ
917 1096 1152 1142 (Ηράκλειτος,
1183 1098 1235 1131 καὶ
1266 1099 1334 1142 πῦρ
1367 1098 1533 1141 ἁπάντων,
1564 1097 1681 1143 ὥσπερ

216 1164 351 1208 χρυσοῦ
374 1162 530 1208 χρήματα
556 1163 608 1197 καὶ
633 1163 814 1208 χρημάτων
839 1164 983 1208 χρυσός·
1015 1160 1121 1198 οὕτως
1141 1162 1159 1206 ἡ
1180 1163 1239 1206 τῆς
1263 1162 1427 1198 πεντάδος
1453 1162 1537 1207 πρὸς
1562 1161 1682 1206 ἑαυτὴν

217 1226 360 1263 σύνοδος
381 1228 479 1262 οὐδὲν
503 1230 582 1261 οὔτε
607 1227 727 1264 ἀτελὲς
753 1230 829 1261 οὔτε
855 1228 1040 1273 ἀλλότριον
1064 1229 1185 1273 γεννᾶν
1211 1227 1370 1272 πέφυκεν,
1392 1226 1470 1262 ἀλλ’
1491 1227 1681 1273 ὡρισμένας

216 1293 288 1339 ἔχει
308 1294 503 1337 μεταβολάς
525 1291 716 1342 (adiacent
735 1291 844 1341 plura
866 1304 913 1328 ex
939 1291 1159 1328 Heracliteo
1183 1291 1288 1328 fonte
1314 1289 1678 1341 hausta)—-Respic.

219 1356 329 1393 Philo
366 1356 456 1406 Leg.
494 1356 604 1406 alleg.
639 1356 694 1394 iii.
732 1370 766 1405 3,
799 1370 835 1406 p.
872 1359 920 1405 89
957 1355 1021 1407 (ad
1050 1357 1094 1395 fr.
1126 1357 1144 1393 Ι
1174 1356 1421 1407 cit.)—Idem
1450 1356 1496 1394 de
1529 1355 1678 1394 Incorr.

217 1421 351 1459 mundi
375 1435 434 1468 21,
456 1435 493 1471 p.
517 1424 617 1469 508:
649 1424 691 1457 τὰ
719 1425 874 1469 στοιχεῖα
901 1425 961 1457 τοῦ
988 1423 1118 1468 κόσμου
1146 1425 1219 1459 ταῖς
1243 1423 1290 1459 εἷς
1315 1423 1451 1467 ἄλληλα
1475 1424 1682 1467 μεταβολαῖς

216 1516 224 1524 .
251 1517 258 1524 .
283 1516 290 1524 .
312 1516 319 1524 .
342 1487 499 1532 θνήσκειν
523 1489 686 1522 δοκοῦντα
712 1487 991 1531 ἅπαθανατίζεται
1018 1487 1241 1533 δολιχεὺοντα
1261 1488 1311 1522 ἀεὶ
1331 1488 1383 1522 καὶ
1402 1488 1462 1532 τὴν
1480 1488 1582 1531 αὐτὴν
1601 1488 1681 1522 ὁδὸν

214 1553 283 1588 ἅνω
313 1554 365 1588 καὶ
394 1554 482 1587 κάτω
512 1557 665 1599 συνεχῶς
694 1552 1128 1598 ἀμείβοντα-ΪΛΙΟῙΗΠΠΞ
1156 1551 1239 1591 Vit.
1267 1557 1364 1589 auch.
1393 1564 1461 1598 14:
1494 1553 1562 1587 ἅνω
1591 1553 1680 1587 κάτω

214 1619 465 1665 περιχωρέοντα
489 1619 542 1652 καὶ
569 1618 773 1663 ἀμειβόμενα
802 1619 837 1652 ἐν
864 1622 904 1662 τῇ
934 1621 994 1653 τοῦ
1023 1620 1140 1655 αἷῶνος
1166 1617 1528 1667 παιδιᾷ-ΒῘΟΕΘΠΘΞ
1550 1617 1679 1655 Laerb.

214 1680 266 1718 ix.
289 1683 331 1719 8:
364 1684 417 1718 καὶ
436 1684 477 1718 τὰ
498 1684 551 1718 ἐπὶ
571 1683 694 1730 μέρους
713 1685 801 1732 αὐτῷ
822 1684 878 1718 ὧδ’
899 1684 969 1729 ἔχει
995 1687 1061 1718 τῶν
1087 1684 1275 1730 δογμάτων·
1307 1687 1375 1730 πῦρ
1402 1680 1483 1718 εἶναι
1508 1684 1681 1729 στοιχεῖον

215 1750 268 1783 καὶ
287 1750 394 1795 πυρὸς
413 1748 559 1793 ἀμοιβὴν
581 1750 623 1784 τὰ
649 1749 767 1794 πάντα,
788 1749 950 1795 ἀραιώσει
976 1751 1028 1784 καὶ
1053 1751 1224 1784 πυκνώσει
1247 1751 1436 1796 γιγνόμενα.
1493 1750 1618 1795 σαφῶς·
1643 1749 1679 1783 δὲ

214 1814 313 1848 οὐδέν
342 1812 786 1850 ‘'aleam—Heraclitus
815 1812 943 1862 Alleg.
977 1813 1092 1850 Hom.
1125 1826 1174 1861 43
1207 1811 1319 1863 (conf.
1353 1813 1478 1851 Schol.
1499 1812 1530 1849 B
1557 1812 1605 1849 ad
1632 1812 1679 1850 Il.

214 1877 321 1914 xviii.
344 1879 434 1924 468,
455 1891 491 1927 p.
515 1888 591 1925 504
614 1877 776 1929 Bekk.):
806 1881 912 1926 πυρὸς
933 1880 999 1926 ’γὰρ
1024 1880 1062 1924 δὴ
1093 1881 1175 1914 κατὰ
1204 1882 1262 1915 τὸν
1291 1881 1442 1926 φυσικὸν
1459 1879 1680 1926 Ἱ-Ιράκλειτον

214 1943 339 1989 ἀμοιβῇ
369 1945 410 1978 τὰ
439 1943 550 1978 πάντα
577 1943 937 1990 ‘yt'verat—Ploffinus
967 1943 1065 1980 ΕΗΒ.
1096 1943 1147 1980 iv.
1179 1944 1213 1988 S,
1245 1956 1279 1992 p.
1313 1944 1413 1989 468;
1443 1942 1678 1980 Iamblichus

214 2020 272 2056 ap.
295 2006 400 2045 Stob.
422 2007 504 2045 Eol.
524 2007 548 2044 i.
574 2020 618 2054 41
645 2006 709 2057 (ad
729 2007 771 2045 fr.
796 2007 1018 2045 LXXXIII
1039 2008 1368 2059 cit.)—Eusebius
1389 2009 1520 2057 Praep.
1543 2021 1676 2058 evang.

214 2072 292 2110 xiv.
318 2086 352 2121 3,
372 2086 408 2122 p.
433 2081 530 2120 720:
562 2076 580 2108 ὁ
599 2075 635 2109 δέ
656 2074 879 2121 (Ηράκλειτος
899 2075 1006 2120 ἀρχὴν
1025 2079 1092 2109 τῶν
1117 2077 1249 2110 πάντων
1274 2077 1341 2121 ἔφη
1368 2072 1450 2109 εἶναι
1477 2076 1516 2109 τὸ
1544 2078 1612 2122 πῦρ
1640 2075 1679 2121 ἐξ

214 2139 254 2174 οὗ
286 2140 327 2174 τὰ
357 2141 467 2174 πάντα
494 2139 621 2186 γίνεται
651 2141 705 2174 καὶ
735 2140 782 2176 εἷς
813 2139 830 2174 ὃ
862 2139 1052 2175 ἀναλύεται·
1096 2140 1242 2185 ἀμοιβὴν
1273 2141 1338 2186 γὰρ
1372 2136 1456 2174 εἶναι
1487 2141 1528 2174 τὰ
1557 2141 1677 2176 πάντα·

212 2206 339 2251 χρόνον
356 2220 392 2239 τε
412 2205 556 2250 ὡρίσθαι
576 2207 635 2248 τῆς
654 2209 720 2240 τῶν
739 2206 873 2240 πάντων
893 2206 940 2242 εἷς
962 2206 1000 2240 τὸ
1024 2208 1091 2252 πῦρ
1118 2205 1312 2242 ἀναλύσεως
1338 2207 1391 2240 καὶ
1416 2207 1475 2250 τῆς
1498 2206 1534 2240 ἐκ
1557 2205 1679 2241 τούτου

213 2267 654 2317 ysve'crsmc—Simplieius
684 2268 723 2305 in
754 2268 916 2306 Arisfo'c.
939 2269 1050 2319 Phys.
1075 2271 1154 2306 6a:
1181 2270 1353 2306 Ἵππασος
1381 2272 1399 2304 ὁ
1428 2272 1679 2307 Μεταποντῖνος

214 2336 267 2369 καὶ
285 2335 506 2381 Ἡράκλειτος
528 2364 534 2371 .
557 2364 564 2371 .
589 2363 596 2370 .
621 2363 628 2371 .
649 2337 718 2382 πῦρ
738 2335 942 2380 ἐποιήσαντο
970 2336 1029 2381 τὴν
1053 2335 1171 2382 ἀρχήν,
1193 2336 1245 2370 καὶ
1273 2336 1308 2370 ἐκ
1336 2337 1442 2382 πυρὸς
1469 2338 1607 2371 ποιοῦσι
1635 2336 1678 2370 τὰ

214 2400 294 2434 ὅντα
321 2402 491 2435 πυκνώσει
520 2401 573 2434 καὶ
597 2402 759 2445 μανώσει·
792 2402 845 2436 καὶ
873 2400 1053 2436 διαλύουσι
1077 2403 1181 2436 πάλιν
1207 2402 1252 2437 εἷς
1277 2404 1358 2447 πῦρ,
1388 2402 1431 2437 ὡς
1455 2399 1576 2445 ταύτης
1600 2402 1678 2445 μιᾶς

213 2467 319 2509 οὔσης
339 2464 480 2511 φύσεως
498 2466 556 2509 τῆς
575 2465 802 2510 ὑποκειμένης·
832 2467 939 2512 πυρὸς
956 2467 1024 2513 γὰρ
1047 2466 1192 2511 ἀμοιβὴν
1219 2464 1304 2501 εἶναι’
1331 2468 1441 2512 φησιν
1458 2465 1678 2512 εΗράκλειτος

213 2530 332 2564 πάντα·
361 2532 452 2564 ποιεῖ
469 2530 505 2563 δὲ
526 2527 596 2578 (ita
617 2529 696 2565 cod.
715 2529 867 2567 Barocc.
888 2540 960 2578 152
979 2533 1017 2567 et
1038 2530 1133 2567 coni.
1152 2528 1490 2580 Schleiermacher)
1511 2532 1564 2566 καὶ
1582 2530 1679 2574 τάξιν

213 2594 287 2628 τινὰ
307 2596 360 2628 καὶ
378 2596 502 2640 χρόνον
522 2596 709 2641 ὡρισμένον
733 2597 792 2640 τῆς
816 2599 875 2630 τοῦ
901 2599 1031 2641 κόσμου
1056 2598 1250 2641 μεταβολῆς
1276 2597 1357 2630 κατά
1382 2611 1455 2631 τινα
1481 2595 1680 2642 εἱμαρμένην

213 2658 357 2705 ἀνάγκην
379 2657 442 2708 (de
462 2671 601 2707 magno
619 2658 811 2696 Heracliti
826 2673 925 2698 anno
941 2674 975 2697 v.
995 2659 1192 2698 Censorin.
1210 2660 1257 2697 de
1277 2659 1326 2696 D.
1340 2659 1389 2698 N.
1409 2662 1467 2706 18,
1483 2659 1679 2698 Plutarch.

214 2722 313 2759 Plac.
336 2723 430 2759 Phil.
453 2723 491 2760 ii.
515 2735 577 2771 32,
597 2737 634 2773 p.
657 2722 766 2774 892).

267 2798 390 2824 xxnl.
421 2787 596 2825 Clemens
625 2788 738 2826 Alex.
770 2788 910 2827 Strom.
932 2802 967 2826 v.
998 2801 1057 2835 14,
1079 2802 1115 2838 p.
1141 2798 1214 2838 712
1238 2787 1449 2838 (=Euseb.
1473 2789 1512 2826 P.
1527 2789 1571 2827 E.
1594 2789 1674 2828 xiii.

1567 2909 1583 2918 n

257 2913 362 2938 XXIII.
393 2907 434 2937 εἷς
466 2907 554 2948 vulg.
610 2911 621 2944 ΙΙ
641 2907 774 2947 πρόσθεν
799 2908 980 2939 Eusebius:
1020 2907 1143 2948 πρῶτον
1170 2909 1352 2940 Clementis
1381 2909 1451 2942 cod.
1510 2912 1522 2947 ΙΙ
1540 2921 1584 2950 ’γη
1608 2920 1671 2943 om.

214 2958 349 2989 Eusebii
365 2958 469 2995 codd„
485 2959 703 3000 probantibus
719 2960 880 2991 Lassallio
897 2963 931 2991 et
947 2960 1090 2992 Heinzio
1105 2972 1110 2992 :
1136 2961 1199 3001 γῆν
1216 2961 1384 2993 Schuster.
