1893 3230
216 212 264 244 78
766 218 977 246 APPENDIX
997 230 1055 237 —
1075 218 1114 248 V.

210 331 350 369 δούλους
378 333 523 380 ἀγαθοὺς
552 331 654 374 εἶναις
692 333 838 370 εἶκότως·
877 334 972 368 αὐτοὶ
998 334 1065 381 γὰρ
1093 334 1185 368 κακοὶ
1212 333 1398 380 ἐλεύθεροι,
1427 332 1458 369 οἳ
1487 334 1546 369 οὐκ
1574 333 1669 368 ε’λευ·

210 397 320 443 θέροις
351 399 495 434 πάθεσιν
527 397 668 434 ε’ίκουσι.
711 399 971 434 παυσάσθωσαν
1007 397 1072 435 οἶοί
1103 400 1171 434 εἶσι
1209 401 1263 434 καὶ
1295 398 1513 446 ἀγαπήσουσι
1544 400 1672 435 πάντας

210 461 339 506 ἰσότητι
364 462 492 508 ἀρετῆς.
523 465 556 499 τί
575 464 610 498 δὲ
630 462 754 505 οῖεσθε,
776 463 802 498 ὦ
820 464 1002 511 ἅνθρωποι,
1024 465 1053 499 εἷ
1080 465 1156 501 θεὸς
1183 465 1222 499 οὐ
1251 466 1439 509 πεποιηκὼς
1466 463 1565 501 κύνας
1592 463 1672 499 οὐδὲ

209 529 366 573 πρόβατα
393 527 548 570 δούλους,
567 529 645 564 οὐδὲ
674 529 769 566 ὅνους
797 530 875 565 οὐδὲ
903 529 1028 567 ἵππους
1055 530 1132 564 οὐδὲ
1163 530 1262 576 ὀρεῖς,
1283 529 1478 576 ἀνθρώπους
1505 529 1645 573 ἐποίησε
1658 544 1670 570 5

172 600 190 632 5
210 592 262 626 καὶ
281 591 331 626 ὅτι
351 594 538 639 κρείττονας
557 595 704 630 ἐκάκωσε
724 595 871 641 δουλείᾳ,
892 596 952 630 οὐκ
979 594 1186 640 αἰσχύνεσθε
1215 596 1267 630 καὶ
1295 598 1395 650 τοῦτο
1423 597 1482 641 τῆς
1510 595 1670 642 ὑμετέρας

208 656 334 694 ἀδικίας
355 659 407 692 καὶ
425 659 525 705 ἔργον
543 660 597 694 καὶ
615 659 719 704 ὄνομα
731 675 742 699 ,·
770 662 870 708 πόσῳ
899 660 1096 706 κρείσσονες
1116 656 1300 706 Ἐφεσίων
1316 659 1413 695 λύκοι
1440 663 1494 695 καὶ
1520 659 1667 696 λέοντες.

208 723 268 756 οὐκ
315 723 650 770 ἐξανδραποδίζονται
685 723 868 769 ἀλλήλους,
907 724 985 759 οὐδὲ
1023 724 1162 771 ἐπρίατο
1199 725 1296 762 ἀετὸς
1336 725 1433 760 ἀετὸν
1468 725 1546 761 οὐδὲ
1581 725 1672 760 λε’ων

207 787 330 822 λέοντα
361 789 533 834 οἰνοχοεῖν,
563 790 640 824 οὐδὲ
674 789 810 834 ἐξέτεμε
839 788 926 824 κύων
955 788 1046 830 κύνα,
1076 791 1121 826 ὡς
1149 790 1242 835 ύμεῖς
1275 794 1333 825 τὸν
1360 792 1420 835 τῆς
1447 790 1526 826 θεοῦ
1555 791 1670 837 Μεγά-

206 854 320 896 βυζον,
341 852 550 899 φοβούμενοι
568 856 608 898 τῇ
626 854 788 901 παρθενίᾳ
816 855 918 898 αὐτῆς
944 854 1048 900 ἄνδρα
1077 855 1242 901 ἱερᾶσθαι.
1272 854 1408 900 μήπως
1436 854 1671 899 ἀσεβήσαντες

151 925 191 948 10
208 918 254 954 εἷς
273 917 382 964 φύσιν
400 919 573 960 εὐσεβεῖτε
593 919 640 955 εἷς
659 919 789 963 ξόανον.
821 918 873 954 ἵνα
892 919 981 956 θεοῖς
1000 921 1181 966 καταρᾶται
1208 923 1342 966 πρῶτον
1361 922 1380 955 ό
1400 920 1506 966 ἱερεὺς
1534 919 1669 967 ἀφῃρη-

206 983 304 1028 μένος
321 985 380 1019 τὸν
402 984 515 1031 ἄνδρα,
536 985 721 1030 κατέγνωτε
749 985 803 1019 καὶ
830 986 887 1029 τῆς
916 985 995 1019 θεοῦ
1022 985 1197 1031 ἀκρασίαν,
1217 985 1246 1020 εἷ
1273 985 1445 1031 φοβεῖσθε
1475 984 1530 1021 ὑπ’
1548 984 1671 1032 ἀνδρὸς

207 1050 309 1094 αὐτὴν
345 1049 602 1096 θεραπεύεσθαι.
652 1050 730 1095 “pr‘'
767 1050 996 1096 συγκαθιζέτω
1028 1066 1086 1095 μοι
1123 1051 1246 1087 δοῦλος
1282 1051 1366 1095 μηδὲ
1404 1048 1671 1086 συνδειπνείτω”

206 1114 367 1161 Ἐφέσιοι
385 1116 558 1162 λέγουσιν·
587 1115 654 1162 ε’γὼ
675 1116 710 1151 δὲ
730 1116 795 1162 ε’ρῶ
821 1116 1029 1162 δικαιοτέραν
1052 1115 1181 1162 φωνήν·
1209 1116 1437 1163 συγκαθιζέτω
1465 1131 1522 1161 μοι
1543 1114 1670 1163 ἀγαθὸς

207 1181 259 1215 καὶ
288 1181 526 1215 συνδειπνείτω
554 1195 620 1226 μοι,
641 1182 776 1224 μᾶλλον
802 1181 838 1216 δὲ
867 1181 1107 1227 προκαθιζέτω,
1136 1180 1384 1227 προτιμηθὴτω·
1421 1181 1460 1216 οὗ
1487 1183 1554 1228 γὰρ
1581 1179 1667 1227 τύχη

150 1258 187 1289 15
207 1246 246 1280 τὸ
275 1244 466 1290 ἶσούμενον,
487 1245 564 1279 ἀλλ’
585 1245 695 1292 ἀρετή.
725 1246 759 1280 τί
786 1246 870 1290 ὑμᾶς
897 1246 1003 1280 ἀδικεῖ
1019 1246 1245 1292 Ἑρμόδωρος,
1265 1246 1450 1292 Ἐφεσίους
1479 1243 1665 1291 ὕπομιμνῆ·

207 1325 298 1346 σκων
324 1311 449 1347 πάντας
481 1310 678 1356 ἀνθρώπους
705 1308 788 1346 εἶναι
821 1312 873 1345 καὶ
901 1310 1024 1355 μηδένα
1051 1312 1279 1358 μεγαλαυχεῖν
1306 1310 1393 1358 τύχῃ
1423 1311 1507 1357 ὑπὲρ
1535 1308 1668 1357 φύσιν.-

205 1377 290 1419 μόνη
318 1376 457 1422 πονηρία
486 1376 707 1423 δουλαγωγεῖ,
737 1378 820 1420 μόνη
849 1376 1022 1422 ε’λευθεροῖ
1048 1376 1160 1421 ἀρετή,
1181 1376 1367 1423 ἀνθρώπων
1394 1377 1430 1411 δὲ
1459 1374 1578 1413 οὐδείς.
1607 1375 1669 1411 κᾶν

206 1440 402 1485 ε’πιτάττητε
421 1441 541 1477 moer
560 1441 612 1475 διὰ
631 1441 736 1487 τύχην
757 1441 896 1488 ἀγαθοῖς
924 1441 1032 1481 οὖσιν,
1053 1442 1148 1476 αὐτοὶ
1176 1440 1297 1476 δοῦλοί
1323 1442 1402 1476 ε’στε
1430 1440 1471 1476 δι’
1491 1441 1670 1487 ἐπιθυμίαν

206 1507 417 1550 κελευόμενοι
437 1506 501 1540 ὑπὸ
527 1509 593 1541 τῶν
613 1508 737 1541 ἑαυτῶν
755 1509 942 1542 δεσποτῶν.
972 1507 1012 1541 οὖ
1032 1507 1201 1552 φοβεῖσθε
1222 1506 1269 1549 δέ,
1291 1505 1317 1540 ὦ
1335 1506 1515 1552 ἅνθρωποι,
1535 1507 1669 1544 πόλεως

150 1583 189 1605 20
207 1569 442 1618 ὀλιγανδρίαν,·
471 1571 504 1605 τί
531 1570 590 1606 οὖν
616 1571 724 1615 ε’πηλυ
753 1571 905 1615 εἷσάξετε
934 1571 1074 1615 πλῆθος,
1096 1570 1171 1606 δίον
1198 1571 1276 1608 τοὺς
1304 1570 1365 1617 ὑφ’
1385 1572 1476 1616 ὑμῶν
1503 1571 1669 1617 ἀχθέντας

206 1637 260 1670 καὶ
288 1636 479 1682 τραφέντας
508 1637 559 1670 καὶ
592 1636 747 1672 ἀπειλαῖς
776 1637 828 1671 καὶ
857 1637 1024 1671 κολάσεσι
1058 1637 1109 1670 καὶ
1138 1638 1265 1683 φόβοις
1291 1636 1437 1683 ἀγαθοὺς
1463 1638 1668 1684 γεγονόταςς

206 1702 342 1735 ἔσονται
371 1701 550 1747 κρείττους,
568 1700 771 1747 Ἐρμόδωρε,
792 1702 823 1735 01
852 1702 1115 1745 πεισθησόμενοι
1143 1703 1212 1737 τοῖς
1243 1704 1319 1738 σοῖς
1347 1703 1469 1747 νόμοις.
1498 1702 1543 1747 μὴ
1561 1703 1667 1748 χαλέ-

207 1781 311 1801 παινε.
347 1765 545 1811 μαντεύεται
572 1769 611 1801 τὸ
640 1766 720 1811 ε’μὸν
748 1765 837 1810 ἦθος,
866 1766 950 1812 ὅπερ
979 1766 1110 1814 ε’κάστῳ
1139 1766 1274 1811 δαίμων.
1315 1767 1378 1802 ναί·
1408 1765 1666 1813 πεισθήσονται,

207 1831 253 1866 ὧν
271 1832 368 1866 ἔσται
394 1833 447 1866 καὶ
472 1833 511 1866 τὸ
540 1830 678 1876 σύμπαν
705 1832 826 1877 κράτος
853 1831 1092 1876 μιμησαμένων
1119 1830 1237 1877 φύσιν.
1268 1835 1367 1876 σῶμα
1396 1831 1520 1867 δοῦλον
1546 1833 1667 1879 ψυχῆς

148 1908 186 1940 25
207 1896 489 1940 συμπολιτεύεται
508 1898 621 1943 ψυχῇ,
642 1898 694 1931 καὶ
713 1896 752 1930 ού
770 1895 967 1942 χαλεπαίνει
988 1898 1063 1932 νοῦς
1089 1896 1183 1932 ἰδίοις
1211 1900 1378 1931 συνοικῶν
1405 1896 1593 1943 ὑπηρέταις,
1613 1898 1668 1933 καὶ

205 1963 259 2008 γῆ,
290 1962 329 1996 τὸ
358 1962 556 2006 ἀτιμότατον
583 1962 618 1996 ἐν
646 1964 775 2010 κόσμῳ,
806 1961 936 2009 οὐρανῷ
965 1962 1127 2007 συνάρχει
1156 1962 1209 1996 καὶ
1237 1962 1296 1996 οὐκ
1328 1961 1493 1996 ἀναίνεται
1526 1963 1666 2009 οὐρανὸς

205 2027 343 2073 ε’πίκηρα
366 2027 488 2073 ε’δάφη,
508 2027 583 2062 οὐδὲ
613 2028 731 2074 καρδία
760 2028 956 2073 σπλάγχνα,
978 2029 1017 2061 τὸ
1047 2028 1228 2073 ἱερώτατον
1255 2028 1368 2073 χρῆμα
1396 2028 1438 2062 τὰ
1465 2029 1666 2074 φαυλότατα

206 2092 242 2127 ἐν
261 2095 404 2137 σώματι.
434 2092 523 2127 ἀλλὰ
547 2093 621 2129 θεὸς
647 2094 710 2137 μὲν
738 2093 798 2127 οὐκ
826 2092 1018 2138 ἐφθόνησεν
1045 2093 1164 2136 ε’πίσης
1193 2093 1319 2128 ἅπασιν
1346 2092 1548 2139 ὀφθαλμοὺς
1575 2093 1667 2141 ἅψαι

207 2159 259 2192 καὶ
278 2157 377 2194 ἀκοὰς
395 2158 603 2194 ἀναπετάσαι
623 2159 674 2192 καὶ
703 2160 823 2205 γεῦσιν
851 2159 903 2193 καὶ
933 2158 1110 2204 ὄσφρησιν
1138 2159 1190 2193 καὶ
1218 2157 1347 2203 μνήμην
1375 2158 1427 2192 καὶ
1455 2158 1591 2201 ἐλπίδα,
1613 2157 1667 2195 καὶ

149 2230 189 2261 30
207 2222 303 2267 ἡλίου
337 2225 412 2269 φῶς
443 2224 503 2258 οὐκ
535 2223 715 2258 ἀπέκλεισε
752 2222 893 2267 δούλων,
928 2223 1054 2259 πάντας
1085 2223 1281 2269 ἀνθρώπους
1318 2225 1448 2269 κόσμου
1480 2223 1667 2268 καταλέξας

207 2289 359 2325 πολίτας·
387 2289 546 2335 Ἐφέσιοι
565 2289 602 2323 δὲ
625 2289 686 2333 τὴν
713 2290 838 2323 εἀυτῶν
865 2290 967 2324 πόλιν
995 2289 1224 2334 ὑπερκόσμιον
1251 2286 1376 2323 οἴονται
1404 2287 1572 2333 μηδέποτε
1599 2291 1668 2323 τῶν

207 2357 325 2388 κοινῶν
360 2354 535 2398 ἀξιοῦντες
564 2382 571 2389 .
603 2382 610 2390 .
642 2381 650 2389 .
698 2355 798 2398 ὁρᾶτε
835 2354 882 2399 μὴ
919 2353 1077 2394 ἀσεβεῖτε
1116 2353 1181 2401 θεῷ
1218 2352 1555 2398 ἀντιπολιτευόμενοι.
1613 2351 1667 2389 ἀεὶ

205 2419 378 2461 βούλεσθε
410 2419 587 2464 μισεῖσθαι
620 2420 685 2454 ὑπὸ
717 2418 858 2461 δούλων,
888 2418 940 2454 καὶ
969 2419 1004 2453 ε’ν
1031 2415 1059 2467 ᾧ
1085 2419 1273 2465 ὑπηρέτουν
1303 2419 1469 2465 πρότερον
1495 2418 1549 2453 καὶ
1576 2417 1612 2453 ἐν
1638 2414 1666 2467 ᾦ

206 2484 399 2529 ἀτιμοῦνται
432 2482 599 2531 ὕστερον,·
641 2484 674 2519 τί
706 2483 766 2518 οὖν
793 2484 914 2521 αὐτοὺς
941 2483 1173 2530 ἧλευθεροῦτε,
1204 2483 1234 2518 εί
1260 2483 1305 2528 μὴ
1333 2482 1448 2527 ἀξίους
1474 2482 1665 2527 ε’νομίζετες

147 2548 225 2594 35ἦ
259 2549 309 2583 ὅτι
342 2549 486 2584 πάθεσιν
518 2548 610 2593 ὑμῶν
643 2549 859 2592 ύπὴκουσαν;
902 2548 1038 2584 ἐκείνοις
1064 2546 1124 2582 οὖν
1155 2548 1388 2594 χαλεπαίνετε,
1416 2545 1448 2582 οἳ
1478 2547 1532 2582 διὰ
1559 2546 1666 2593 τύχην

205 2612 452 2660 ἐλειτούργουν,
472 2612 550 2647 ἀλλ’
570 2613 634 2658 οὐχ
662 2613 804 2657 ἑαυτοῖς,
828 2610 860 2646 οἳ
887 2613 942 2647 διὰ
969 2613 1084 2647 κακίαν
1111 2612 1317 2656 ἐπετάξατες
1355 2611 1481 2658 οἷκτροὶ
1508 2610 1596 2656 ἦσαν
1622 2611 1665 2647 τὰ

205 2681 287 2715 κακὰ
315 2681 418 2727 φόβῳ
446 2679 651 2724 ἀνεχόμενοι,
671 2679 847 2725 κατάρατοι
875 2678 904 2714 δ’
925 2679 1018 2724 ὑμεῖς
1045 2679 1275 2715 ἐπιτάττοντες
1301 2679 1343 2714 τὰ
1370 2679 1485 2726 χείρω·
1514 2679 1568 2714 καὶ
1585 2678 1664 2716 τότε

251 2816 270 2846 8
286 2814 394 2846 λέοντι
410 2814 556 2854 οἰνοχοεῖ
567 2814 642 2845 WB
698 2818 711 2852 ΙΙ
766 2823 787 2855 9
802 2813 847 2853 μή
870 2825 930 2844 πως
952 2813 1067 2855 εει-ἱρά
1085 2826 1090 2845 ;
1115 2813 1136 2852 ἢ
1152 2813 1215 2845 πῶς
1231 2813 1285 2846 W.
1301 2813 1363 2846 πῶς
1380 2814 1410 2845 Β
1467 2818 1480 2852 ΙΙ
1542 2823 1582 2846 10
1595 2813 1663 2856 tva]

205 2867 226 2906 ἢ
241 2868 291 2898 ἵνα
307 2867 337 2898 Β
375 2871 388 2904 Ιι
429 2876 470 2907 23
485 2865 544 2897 ναί·
564 2866 593 2897 Β
609 2878 615 2897 2
639 2864 691 2896 καὶ
707 2866 795 2907 vulg.
836 2870 848 2903 ΙΙ
893 2874 930 2906 27
949 2865 1087 2906 ἐπίκαιρα
1103 2866 1190 2907 vulg.
1206 2876 1288 2897 corr.
1306 2866 1336 2897 B
1375 2870 1389 2905 Ιι
1437 2875 1477 2906 3²
1502 2865 1663 2898 excidisse

207 2919 343 2949 verbum
359 2918 506 2959 suspicor
552 2922 564 2955 ΙΙ
611 2917 754 2956 ἀσεβῆτε
772 2917 921 2948 Hercher
967 2922 979 2954 ΙΙ
1028 2917 1069 2958 36
1086 2916 1247 2957 ἐπάσχετε
1265 2917 1352 2958 vulg.
1368 2927 1450 2950 corr.
1469 2917 1498 2948 B
