1893 3230
795 233 897 263 ΠΕΡΙ
927 233 1104 264 ΦΥΣΕΩΣ.
1630 229 1651 263 2
1660 229 1676 262 l

899 381 998 421 LII.

217 464 442 513 Θάλασσα
473 467 580 531 ὕδωρ
617 470 931 531 καθαρώτατον
972 468 1041 514 καὶ
1081 469 1377 531 μιαρώτατον,
1419 469 1566 530 ἰχθύσι
1607 467 1682 522 μὲν

217 541 407 597 πότιμον
430 541 499 588 καὶ
525 544 751 605 σωτήριον,
777 543 1018 606 ἀνθρώποις
1043 541 1087 588 δὲ
1112 541 1284 589 ἄποτον
1307 543 1375 588 καὶ
1400 544 1615 607 ὀλέθριον.

887 670 1015 712 LIII.

277 755 510 797 Columella
539 756 589 798 de
621 756 674 798 R.
708 756 760 798 R.
791 756 879 799 viii.
911 770 963 810 4:
1007 757 1139 799 siccus
1166 758 1296 799 etiam
1326 757 1464 812 pulvis
1494 761 1536 799 et
1566 757 1684 808 cinis,

219 823 455 879 ubicunque
504 825 717 866 cohortem
767 826 953 879 porticus
1003 826 1070 867 vel
1117 830 1277 867 tectum
1327 826 1525 880 protegit,
1568 825 1687 867 iuxta

218 893 398 948 parietes
422 894 683 949 reponendus
708 897 782 944 est,
810 898 859 935 ut
885 894 941 935 sit
969 910 1050 949 quo
1081 909 1177 936 aves
1203 910 1244 936 se
1276 895 1554 949 perfundant:
1587 909 1685 935 nam

219 962 287 1003 his
322 962 444 1004 rebus
476 962 662 1017 plumam
704 963 935 1017 pinnasque
975 964 1211 1014 emendant,
1246 963 1282 1004 si
1321 965 1445 1004 modo
1481 963 1686 1004 credimus

221 1030 404 1084 Ephesio
438 1030 654 1072 Heraclito
684 1031 757 1086 qui
788 1031 872 1072 ait:
914 1045 1025 1073 sues
1061 1047 1226 1082 coeno,
1258 1032 1541 1073 cohortales
1570 1045 1687 1072 aves

220 1099 427 1153 pulvere
458 1097 542 1155 (vel
572 1099 759 1157 cinere)
790 1099 962 1141 lavari.

897 1226 1014 1281 LIV.

221 1295 445 1361 Βορβόρῳ
469 1296 650 1360 χαίρειν.

270 1457 341 1484 LII.
373 1446 612 1497 Hippolytus
633 1446 717 1484 Res.
733 1446 836 1484 haer.
856 1446 906 1485 ix.
926 1459 973 1484 10
990 1459 998 1484 ἱ
1032 1448 1084 1483 καὶ
1105 1448 1143 1482 τὸ
1163 1449 1283 1495 μιαρόν
1301 1449 1392 1495 φησι
1413 1449 1465 1483 καὶ
1485 1448 1524 1482 τὸ
1544 1448 1689 1495 καθαρὸν

217 1510 252 1547 ἓν
285 1514 338 1548 καὶ
370 1513 495 1548 ταύτὸν
526 1511 620 1555 εἶναι,
655 1514 708 1548 καὶ
741 1515 780 1548 τὸ
810 1515 954 1559 πότιμον
984 1514 1038 1548 καὶ
1067 1515 1106 1549 τὸ
1136 1513 1265 1549 ἄποτον
1293 1513 1327 1548 ἓν
1356 1515 1408 1548 καὶ
1436 1514 1561 1548 ταύτὸν
1590 1510 1687 1549 εἶναι.

220 1579 406 1617 Θάλασσα,
427 1576 548 1624 φησῖν,
569 1577 660 1625 ὕδωρ
681 1578 916 1625 καθαρώτατον
934 1579 986 1613 καὶ
1006 1581 1230 1624 μιαρώτατον,
1252 1577 1370 1624 ἰχθύσι
1394 1578 1456 1623 μὲν
1473 1580 1617 1623 πότιμον
1636 1579 1690 1614 καὶ

219 1642 398 1690 σωτήριον,
429 1643 616 1690 ἀνθρώποις
651 1643 687 1678 δὲ
721 1643 848 1678 ἄποτον
881 1644 934 1678 καὶ
967 1641 1329 1691 ὀλέθριον-ΒΘΞΡῘΟ.
1364 1641 1505 1680 Sextus
1541 1642 1687 1692 Empir-

219 1707 352 1757 Pyrrh.
375 1707 462 1757 hyp.
487 1707 512 1744 i.
537 1717 585 1755 55
609 1705 672 1759 (ad
693 1707 740 1744 fr.
761 1707 853 1743 LIV
872 1705 966 1757 cit.).

273 1784 361 1810 ΜΠ.
392 1772 502 1811 Conf.
523 1772 691 1810 Galenus
711 1772 904 1821 Protrept.
925 1785 982 1820 13,
1004 1785 1038 1822 p.
1061 1782 1083 1820 5
1106 1771 1163 1811 ed.
1186 1772 1294 1810 Bas.:
1324 1773 1402 1820 τάχ’
1423 1773 1482 1809 οὖν
1501 1774 1557 1808 ἐπὶ
1577 1775 1624 1822 τῷ
1644 1774 1687 1809 δι’

218 1838 300 1884 ὅλης
325 1838 448 1886 ἡμέρας
477 1839 659 1884 κονίεσθαι,
680 1839 876 1874 δικαιοῦσιν·
906 1839 997 1873 ἀλλὰ
1025 1840 1125 1873 τοῦτό
1144 1854 1184 1885 γε
1211 1840 1264 1873 καὶ
1292 1841 1362 1875 τοῖς
1391 1838 1509 1885 ὅρτυξι
1539 1840 1592 1874 καὶ
1619 1841 1691 1876 τοῖς

220 1904 373 1951 πέρδιξιν
393 1903 548 1951 ὑπάρχει·
579 1905 631 1939 καὶ
659 1902 752 1950 εἴπερ
782 1904 838 1939 ἐπὶ
867 1902 986 1952 τούτῳ,
1009 1903 1094 1951 μέγα
1122 1904 1189 1950 χρὴ
1220 1905 1361 1950 φρονεῖν
1390 1904 1445 1939 ἐπὶ
1474 1906 1521 1952 τῷ
1548 1902 1589 1939 δι’
1610 1904 1691 1949 ὅλης

219 1968 342 2016 ἡμέρας
360 1970 525 2018 βορβόρῳ
544 1968 720 2004 λούεσθαι.
764 1963 769 1967 ’

272 2044 354 2072 LIV.
384 2032 610 2071 Athenaeus
635 2046 671 2079 V,
701 2046 739 2083 p.
765 2035 838 2081 178
860 2032 918 2070 F:
951 2034 1099 2081 ἀπρεπὲς
1127 2035 1193 2081 γὰρ
1222 2033 1274 2079 ἧν,
1294 2036 1405 2080 φησὶν
1432 2032 1690 2081 Ἀριστοτέλης,

219 2100 309 2146 ἥκειν
342 2101 388 2137 εἷς
420 2101 459 2135 τὸ
494 2102 690 2146 συμπόσιον
728 2100 793 2135 σὺν
832 2100 946 2146 ἱδρῶτι
979 2101 1101 2148 πολλῷ
1135 2101 1187 2134 καὶ
1223 2102 1395 2148 κονιορτῷ.
1444 2100 1495 2134 δεῖ
1530 2101 1596 2148 γὰρ
1637 2102 1693 2136 τὸν

220 2166 382 2212 χαρίεντα
400 2164 485 2210 μήτε
503 2165 614 2212 ῥυπᾶν
627 2164 710 2210 μήτε
730 2166 870 2211 αὐχμεῖν
888 2164 972 2211 μήτε
991 2166 1154 2213 βορβόρῳ
1175 2165 1305 2211 χαίρειν
1324 2165 1394 2200 καθ’
1411 2165 1692 2212 Ἱ-Ιράκλειτον-

222 2229 381 2279 Integra
419 2227 610 2266 Heracliti
657 2228 848 2266 sententia
895 2241 1091 2278 superesse
1127 2228 1283 2266 videtur
1319 2242 1379 2278 ap.
1420 2228 1540 2266 Clem.
1579 2228 1692 2269 Alex.

223 2294 418 2343 Protrepb.
444 2307 502 2340 10,
524 2307 561 2343 p.
584 2302 659 2342 75:
691 2295 779 2330 οἶδὲ
808 2294 993 2339 σκωλήκων
1021 2293 1114 2339 δίκην
1142 2296 1219 2341 περὶ
1244 2295 1396 2341 τέλματα
1420 2297 1473 2330 καὶ
1499 2298 1692 2343 βορβόρους

223 2361 266 2396 τὰ
285 2361 404 2406 ἡδονῆς
421 2360 572 2407 ῥεύματα
592 2360 843 2406 καλινδούμενοι
866 2361 917 2407 (V.
939 2359 1048 2396 Bake
1067 2359 1117 2397 ad
1138 2358 1326 2397 Cleomed.
1345 2373 1382 2409 p.
1400 2358 1495 2410 440)
1511 2361 1694 2407 ἀνονήτους

224 2424 277 2461 καὶ
305 2412 465 2471 ἀνοήτους
493 2427 716 2467 ἐκβόσκονται
744 2427 889 2473 τρυφάς,
909 2426 1026 2461 ὑώδεις
1054 2427 1141 2462 τινὲς
1169 2426 1350 2472 ἅνθρωποι.
1391 2425 1446 2462 ὕες
1473 2427 1549 2473 γάρ,
1571 2427 1692 2473 φησίν,

223 2491 357 2536 ἥδονται
375 2493 538 2539 βορβόρῳ
557 2493 693 2535 μᾶλλον
712 2491 730 2536 ἢ
751 2492 884 2540 καθαρῷ
904 2491 1011 2535 ὕδατι,
1033 2492 1086 2526 καὶ
1105 2492 1161 2526 ἐπὶ
1187 2493 1327 2540 φορυτῷ
1356 2492 1580 2538 μαργαίνουσι
1609 2494 1693 2528 κατὰ

225 2558 435 2603 Δημόκριτον
456 2555 572 2606 (=fr.
593 2556 726 2594 moral.
750 2559 798 2602 48
821 2553 1022 2606 Mullach.)
1039 2568 1047 2593 :
1078 2569 1114 2593 v.
1136 2555 1254 2593 etiam
1274 2556 1416 2594 Strom.
1435 2555 1461 2594 i.
1480 2568 1512 2603 1,
1526 2569 1564 2606 p.
1583 2566 1658 2605 317
1678 2570 1691 2604 3

224 2621 264 2659 ii.
291 2630 348 2669 15,
368 2634 406 2671 p.
424 2621 668 2669 465—Conf.
686 2622 826 2660 Sextus
842 2622 992 2672 Empir.
1014 2621 1153 2672 Pyrrh.
1173 2621 1263 2672 hyp.
1285 2621 1311 2659 i.
1335 2631 1384 2670 55
1405 2635 1412 2659 :
1442 2624 1482 2658 τὸ
1509 2623 1694 2659 θαλάττιον

225 2686 316 2735 ὕδωρ
335 2688 524 2735 ἀνθρώποις
543 2689 605 2733 μὲν
624 2689 722 2733 ἀηδές
741 2689 817 2724 ἐστι
835 2691 1014 2734 πινόμενον
1033 2690 1086 2724 καὶ
1106 2689 1342 2736 φαρμακῶδες,
1360 2688 1478 2735 ἰχθύσι
1498 2689 1534 2723 δὲ
1553 2689 1693 2734 ἥδιστον

227 2753 280 2788 καὶ
298 2752 442 2798 πότιμον
463 2751 579 2803 (=fr.
601 2751 709 2804 LII)
740 2753 820 2791 σύες
848 2755 885 2789 δὲ
913 2755 1007 2800 ἥδιον
1033 2756 1196 2803 βορβόρῳ
1223 2753 1383 2790 λούονται
1403 2754 1652 2803 δυσωδεστάτῳ
1672 2754 1692 2801 ἢ

226 2816 322 2853 ὕδατι
342 2818 458 2854 διειδεῖ
475 2819 527 2854 καὶ
547 2818 912 2868 καθαρῷ-ΡΙοίὶίΠΠΞ
932 2818 1032 2856 Eun.
1054 2818 1077 2856 ἰ.
1098 2819 1133 2865 6,
1152 2831 1189 2868 p.
1213 2828 1261 2867 55
1280 2831 1288 2857 Ζ
1319 2821 1358 2855 τὸ
1376 2819 1421 2865 μὴ
1442 2819 1587 2865 καθαρὸν
1604 2822 1692 2867 βορ-

226 2885 320 2931 βόρῳ
340 2883 394 2917 διὰ
423 2884 522 2929 κάκην
541 2885 659 2931 φίλον·
698 2882 751 2920 οἷα
779 2886 819 2931 δὴ
849 2886 903 2921 καὶ
930 2884 996 2930 ὗες,
1017 2886 1056 2920 οὐ
1085 2886 1226 2932 καθαραὶ
1253 2886 1293 2920 τὸ
1323 2888 1433 2931 σῶμα,
1454 2885 1614 2931 χαίρουσι
1643 2887 1692 2933 τῴ

227 2947 650 2996 romum—Vincentius
678 2948 871 2988 Bellovac.
903 2949 1012 3000 Spec.
1041 2962 1135 2987 mor.
1167 2948 1222 2987 iii.
1254 2965 1289 2998 9,
1311 2962 1332 2998 3
1357 2948 1624 2998 (=Woelfflin
1643 2948 1691 2986 de
