1893 3230
744 213 846 242 ΠΕΡΙ
876 211 1056 244 ΦΥΣΕΩΣ,
1579 211 1628 245 43

838 355 955 396 CXI.

163 448 245 497 Τίς
280 446 369 509 γὰρ
412 446 550 491 αὐτῶν
591 445 684 494 νόος
726 445 749 498 3¹7
789 447 936 508 φρήν;
991 443 1181 507 [δήμων]
1221 443 1406 490 ἁοιδοῖσι
1444 446 1627 492 ἕπονται

159 523 226 568 καὶ
269 519 516 578 διδασκάλῳ
561 515 775 583 χρέωνται
823 519 979 577 ὁμίλῳ,
1022 520 1094 564 οὐκ
1142 519 1304 569 εἰδότες·
1344 519 1415 565 ὅτι
1459 521 1626 567 πολλοὶ

159 597 280 643 κακοὶ
316 596 465 655 ὀλίγοι
503 593 546 640 δὲ
582 595 761 654 ἀγαθοί.
831 596 1046 657 αἱρεῦνται
1085 593 1174 657 γὰρ
1205 594 1251 639 ἓν
1288 595 1415 640 ἀντία
1452 593 1627 641 πάντων

159 674 202 718 οἱ
236 670 429 734 ἄριστοι,
461 670 584 719 κλέος
620 669 772 715 ἀέναον
808 672 984 722 θνητῶν,
1018 670 1060 714 οἱ
1094 668 1138 715 δὲ
1174 669 1341 715 πολλοὶ
1375 670 1625 732 κεκόρηνται

161 746 361 808 ὅκωσπερ
397 748 565 799 κτήνεα.

822 871 964 912 CXII.

157 971 244 1016 Ἐν
278 970 445 1034 Πριήνῃ
474 970 584 1019 Βίας
616 970 791 1029 ἐγένετο
826 971 849 1014 ὁ
884 967 1133 1025 Τευτάμεω,
1164 970 1214 1017 οἷ’]
1248 970 1390 1016 πλέων
1426 971 1567 1031 λόγος
1602 971 1625 1024 ’ὴ

158 1050 244 1093 τῶν
276 1045 437 1091 ἄλλων.

211 1260 292 1286 CXI.
324 1248 500 1287 Clemens
533 1246 650 1285 Alex.
688 1247 829 1285 Strom.
856 1261 891 1285 V.
916 1260 950 1295 9,
978 1260 1016 1296 p.
1038 1249 1140 1285 682:
1181 1251 1215 1284 αἱ
1248 1251 1332 1296 γοῦν
1364 1249 1470 1285 Ἰάδες
1499 1251 1626 1293 μοῦσαι

155 1315 336 1363 διαρρήδην
365 1315 511 1362 λέγουσι
544 1315 623 1352 τοὺς
654 1316 716 1360 μὲν
746 1314 899 1351 πολλοὺς
932 1315 986 1349 καὶ
1019 1315 1279 1361 δοκησισόφους
1312 1314 1426 1359 δήμων
1458 1314 1627 1349 ἀοιδοῖσιν

155 1381 299 1417 ἕπεσθαι
327 1381 380 1415 καὶ
408 1382 545 1426 νόμοισι
572 1379 746 1427 χρέεσθαι,
778 1379 909 1425 εἰδότας
938 1378 991 1414 ὅτι
1018 1378 1146 1415 πολλοὶ
1173 1381 1267 1415 κακοὶ
1290 1378 1402 1427 ὀλίγοι
1430 1380 1467 1414 δέ
1492 1379 1625 1427 ἀγαθοί.

155 1447 234 1483 τοὺς
261 1446 424 1493 ἀρίστους
452 1446 488 1481 δὲ
522 1447 561 1481 τὸ
590 1445 687 1482 κλέος
718 1446 947 1490 μεταδιώκειν.
997 1447 1174 1491 Αἶρεῦνται
1209 1446 1286 1492 γάρ,
1316 1443 1434 1492 φησίν,
1464 1444 1498 1480 ἓν
1530 1445 1627 1480 ἀντία

155 1513 289 1548 πάντων
303 1514 334 1548 οἱ
353 1512 487 1559 ἄριστοι
507 1511 605 1548 κλέος
623 1511 742 1546 ἀέναον
761 1511 898 1556 θνητῶν,
919 1512 951 1545 οἱ
970 1511 1006 1545 δέ
1026 1511 1154 1546 πολλοὶ
1175 1513 1368 1558 κεκόρηνται
1388 1511 1480 1547 ὅπως
1496 1510 1625 1556 κτήνεα,

155 1579 282 1625 γαστρὶ
308 1578 361 1613 καὶ
386 1577 524 1613 αἰδοίοις
549 1578 603 1612 καὶ
625 1579 696 1613 τοῖς
723 1577 922 1623 αἰσχίστοις
944 1580 1011 1611 τῶν
1030 1577 1066 1611 ἐν
1086 1576 1163 1622 ἡμῖν
1182 1575 1414 1623 μετρήσαντες
1436 1577 1497 1621 τὴν
1517 1577 1626 1611 εὐδαι-

154 1644 273 1689 μονίαν
293 1641 484 1693 (extrema
504 1639 737 1679 Heracliteis
757 1654 776 1678 e
798 1639 998 1678 Demosth.
1022 1640 1068 1678 de
1090 1639 1177 1678 Cor.
1201 1654 1236 1690 p.
1258 1654 1334 1690 324
1356 1640 1624 1687 adhaeserunt,

155 1710 200 1745 ut
220 1706 335 1745 etiam
360 1707 464 1757 apud
484 1707 625 1743 Euseb.
648 1706 688 1743 P.
710 1706 753 1743 E.
777 1705 828 1743 xi.
855 1707 917 1753 28,
937 1719 973 1756 p.
996 1704 1305 1756 556)—Strom.
1328 1706 1379 1746 iv.
1403 1716 1436 1755 7,
1457 1720 1494 1756 p.
1518 1708 1595 1754 586
1615 1719 1623 1744 :

155 1774 333 1810 κάντεῦθεν
352 1774 576 1821 Ἡράκλειτος
602 1772 637 1808 ἓν
662 1773 736 1808 ἀντὶ
761 1773 896 1808 πάντων
921 1773 1019 1810 κλέος
1044 1773 1168 1819 ἡρεῖτο,
1188 1776 1259 1810 τοῖς
1285 1774 1322 1809 δὲ
1347 1776 1494 1810 πολλοῖς
1518 1789 1625 1821 παρα-

153 1841 279 1886 χωρεῖν
293 1841 457 1886 ὁμολογεῖ
480 1838 682 1885 κεκορῆσθαι
702 1838 767 1884 οὐχ
787 1839 905 1885 ὥσπερ
926 1837 1275 1883 κτήνεσι-ΡΥΟΟῙΗΞ
1295 1838 1336 1875 in
1351 1837 1476 1875 Alcib.
1492 1851 1529 1888 p.
1548 1847 1595 1886 25
1602 1848 1623 1886 5

154 1903 467 1951 Cl·euze1'.=525
488 1903 545 1940 ed.
567 1902 682 1941 Cous.
702 1901 755 1939 ii:
789 1903 898 1950 ὀρθῶς
923 1903 983 1939 οὖν
1001 1905 1055 1940 καὶ
1081 1907 1099 1940 ὁ
1125 1906 1277 1951 γενναῖος
1293 1904 1518 1951 “Ηράκλειτος
1540 1905 1626 1941 ἀπο-

153 1971 344 2018 σκορακίζει
369 1971 409 2005 τὸ
427 1970 558 2015 πλῆθος
578 1971 622 2006 ὡς
641 1969 742 2005 ι’ίνουν
761 1971 814 2005 καὶ
837 1969 1037 2017 ἀλόγιστον·
1069 1971 1128 2008 Τίς
1150 1971 1218 2018 γὰρ
1240 1972 1359 2017 αὐτῶν,
1380 1972 1482 2018 φησί,
1507 1974 1583 2009 νόος
1605 1972 1624 2018 ἢ

153 2037 246 2084 φρὴν
265 2035 378 2082 δήμων
396 2036 510 2072 αἰδοῦς
536 2034 661 2081 ἦπιόων
685 2051 722 2071 τε
748 2037 801 2071 καὶ
831 2036 1028 2085 διδασκάλῳ
1055 2039 1179 2083 χρειῶν
1202 2052 1240 2072 τε
1268 2036 1390 2086 ὁμίλῳ,
1413 2038 1473 2072 οὐκ
1499 2038 1626 2075 εἰδότες

152 2101 206 2137 ὅτι
226 2104 258 2137 οἱ
282 2102 410 2138 πολλοὶ
436 2103 541 2146 κακοὶ,
562 2101 675 2149 ὀλίγοι
701 2102 737 2137 δέ
763 2101 913 2148 ἀγαθοί;
944 2103 1084 2137 τοιαῦτα
1109 2102 1171 2147 μὲν
1189 2104 1208 2137 ὁ
1226 2102 1460 2150 (Ηράκλειτοφ
1494 2104 1545 2139 διὸ
1572 2105 1625 2139 καὶ

153 2170 172 2204 ὁ
192 2168 433 2215 σιλλογράφος
452 2165 700 2214 ὀχλολοίδορον
718 2168 820 2203 αὐτὸν
837 2167 1061 2204 ἀπεκάλεσεν.

208 2243 308 2270 CXII.
339 2232 533 2282 Diogenes
554 2231 681 2269 Laerb.
702 2231 730 2270 i.
751 2233 800 2269 88
820 2245 828 2269 ε
864 2234 917 2268 καὶ
947 2235 965 2268 ὁ
989 2233 1204 2280 δυσάρεστος
1230 2233 1452 2280 Ἡράκλειτος
1470 2236 1625 2280 μάλιστα

153 2300 254 2334 αὐτὸν
286 2298 431 2343 ἐπῄνεσε
460 2297 613 2346 γράψας·
647 2298 707 2333 Ἐν
735 2297 865 2345 Πριήνῃ
895 2297 975 2335 Βίας
1008 2298 1141 2346 ἐγένετο
1172 2301 1191 2334 ὁ
1221 2298 1408 2345 Τευτάμεω,
1441 2299 1481 2335 οὗ
1509 2301 1625 2336 πλέων

151 2366 255 2412 λόγος
273 2364 292 2410 ἢ
311 2367 378 2400 τῶν
397 2363 521 2401 ἄλλων.
553 2365 607 2399 καὶ
629 2365 661 2399 οἶ
684 2366 842 2411 Πριηνεῖς
870 2364 907 2399 δέ
933 2365 1023 2413 αὐτῷ
1041 2364 1177 2410 τέμενος
1203 2364 1415 2412 καθιέρωσαν
1439 2367 1478 2401 τὸ
1498 2366 1622 2401 Τευτά-

152 2444 247 2475 μειον
265 2431 462 2477 λεγόμενον.
501 2429 758 2477 ἀπεφθέγξατο·
789 2430 831 2465 Οἱ
849 2431 1010 2465 πλεῖστοι
1030 2430 1135 2466 κακοί.

196 2605 264 2629 CXI.
290 2597 347 2628 Ita
363 2597 431 2628 fere
448 2596 632 2628 orationem
646 2595 795 2627 restituit
810 2594 1013 2637 Bernaysius
1029 2594 1193 2627 Heraclit.
1212 2595 1233 2627 i.
1251 2607 1283 2637 p.
1301 2605 1343 2636 34
1359 2607 1365 2627 ε
1391 2595 1449 2627 alii
1468 2596 1620 2637 (Werfer,

153 2649 284 2687 cousin,
313 2649 471 2690 Lassalle)
499 2649 606 2680 aliter.
708 2648 813 2679 αὐτῶν
835 2658 898 2679 om.
928 2648 1068 2679 Creuzer
1094 2658 1170 2678 cum
1192 2648 1360 2679 nonnullis
1388 2649 1497 2680 Procli
1525 2649 1620 2681 codd.

154 2704 166 2739 11
185 2701 270 2742 φρὴν
290 2700 416 2741 δαὴμων
436 2701 501 2737 (vel
520 2699 646 2741 δαίμων)
663 2711 670 2739 ;
703 2700 832 2741 Bergk:
862 2699 980 2731 seclusi
1002 2699 1108 2739 δήμων
1132 2702 1292 2741 tanquam
1312 2700 1622 2742 interpretationem

151 2753 377 2794 praecedentis
409 2753 514 2784 αὐτῶν
576 2756 588 2792 l}
607 2751 766 2794 χρέωνται
798 2753 947 2794 Bernays
979 2752 1021 2783 de
1052 2752 1136 2794 Epp.
1167 2753 1330 2785 Heraclit.
1355 2764 1388 2794 p.
1410 2760 1471 2794 127
1507 2754 1623 2793 (antea

151 2805 228 2837 fort.
253 2805 363 2836 minus
384 2809 474 2836 reete
497 2804 662 2847 χρέονται)
723 2808 734 2843 ΙΙ
759 2804 794 2836 ἓν
818 2803 911 2836 ἀντία
938 2805 1096 2846 Bernays,
1126 2805 1292 2837 Lassalle:
1330 2803 1365 2835 ἓν
1390 2804 1462 2835 ἀντὶ
1493 2805 1619 2836 Cobet:

152 2856 280 2888 ἐναντία
303 2858 373 2890 cod.
397 2858 518 2890 Strom.
541 2869 574 2900 p.
597 2856 660 2889 682
711 2862 724 2898 η
744 2856 879 2889 ἀένναον
894 2857 982 2898 vulg.
1006 2868 1089 2889 corr.
1114 2857 1217 2889 Klotz
1266 2862 1278 2897 Η
1300 2857 1424 2898 θνητῶν
1445 2856 1478 2888 δὲ
1503 2856 1621 2888 πολλοὶ

153 2910 266 2942 Cobet.

197 2969 280 2993 exn.
305 2960 378 3002 Βίης
393 2961 444 2994 ed.
461 2961 574 2993 Cobet.
626 2966 638 3001 11
658 2961 762 2993 πλέων
778 2962 829 2994 ed.
845 2962 959 2994 Cobefi.
975 2973 980 2993 :
1006 2961 1122 2993 πλείων
1138 2961 1226 3003 vulg.
