1893 3230
239 217 289 251 44
721 221 1002 252 ΗΡΑΚΛΕΙΤΟΥ
1032 221 1219 252 ΕΦΕΣΙΟΥ

881 386 1050 429 CXIII.

239 478 321 530 Εἷς
345 479 437 533 ἐμοὶ
463 479 619 543 μύριοι,
643 478 714 525 ἐὰν
737 478 921 544 ἄριστος
944 482 980 542 ᾖ.

888 623 1047 664 CXIV.

228 711 391 775 ”Αξιον
414 712 651 777 Ἐφεσίοις
676 713 834 771 ἡβηδὸν
858 713 1151 776 ἀπάγξασθαι
1173 714 1284 759 πᾶσι
1305 712 1373 759 καὶ
1399 720 1494 764 τοῖς
1516 714 1695 772 ἀνήβοις

235 789 314 842 τὴν
352 789 483 834 πόλιν
519 794 789 841 καταλιπεῖν,
832 790 983 837 οἵτινες
1020 787 1308 852 Ἑρμόδωρον
1354 787 1486 851 ἄνδρα
1530 790 1695 836 ἑωυτῶν

236 864 439 916 ὀνήιστον
469 863 696 926 ἐξέβαλον,
728 861 904 926 φάντες·
938 863 1069 916 ἡμέων
1102 861 1207 916 μηδὲ
1242 860 1298 912 εἷς
1331 863 1531 916 ὀνήιστος
1564 864 1694 919 ἔστω,

237 939 275 982 εἷ
300 936 344 983 δὲ
376 940 449 991 μή,
478 937 593 999 ἄλλῃ
625 959 676 984 τε
706 937 773 982 καὶ
806 936 902 991 μετ’
942 935 1103 983 ἄλλων.

290 1117 407 1144 cxm.
436 1105 605 1144 Galenus
624 1109 700 1154 περὶ
721 1108 935 1155 διαγνώσεως
960 1108 1132 1154 σφυγμῶν
1151 1105 1175 1143 i.
1195 1118 1209 1143 1
1230 1118 1239 1152 ;
1269 1109 1297 1142 t.
1322 1118 1357 1153 3,
1377 1118 1412 1155 p.
1437 1115 1485 1154 53
1507 1105 1565 1143 ed.
1586 1105 1692 1145 Bam:

235 1174 382 1207 τοιοῦτοι
416 1170 446 1207 δ’
476 1173 544 1208 εἶσὶ
577 1174 749 1210 παντελῶς
779 1173 891 1220 ὀλίγοι
919 1175 986 1207 τῶν
1005 1175 1072 1206 νῦν·
1102 1172 1191 1206 ἀλλὰ
1215 1173 1296 1206 κατὰ
1322 1173 1380 1207 τὸν
1397 1171 1619 1218 Ἠράκλειτον
1647 1169 1695 1209 εἷς

236 1237 310 1281 ε’μοὶ
328 1236 451 1284 μύριοι,
468 1240 521 1272 καὶ
540 1238 633 1282 ἥδιον
652 1238 692 1273 ἂν
711 1238 788 1274 τοὺς
808 1240 933 1284 λργους
951 1238 1036 1284 πρὸς
1055 1240 1176 1273 τοῦτον
1194 1238 1253 1272 τὸν
1272 1237 1326 1271 ἕνα
1346 1237 1551 1282 ποιησαίμην
1569 1236 1589 1283 ἦ
1609 1238 1694 1284 πρὸς

235 1302 314 1338 τοὺς
330 1301 469 1349 μυρίους
484 1302 563 1339 τοὺς
583 1304 654 1339 ε’νὸς
673 1303 692 1348 ἢ
713 1303 846 1339 οὐδενὸς
865 1303 982 1346 ἀξίους
996 1300 1476 1349 Berllays—Synunacllus
1496 1300 1617 1350 Epist.
1639 1300 1693 1340 ix.

241 1376 314 1413 115
345 1365 440 1416 (105
471 1366 526 1404 ed.
549 1366 632 1404 Par.
659 1365 799 1416 1604):
838 1366 978 1403 iudicio
1008 1369 1074 1403 tuo
1103 1371 1141 1403 et
1171 1365 1355 1402 similium
1384 1369 1584 1404 contentus
1612 1378 1693 1405 esso

236 1429 412 1467 deberem
442 1460 450 1468 .
483 1460 489 1467 .
522 1461 529 1468 .
558 1431 765 1469 secundum
790 1431 1030 1468 Heraclitum
1051 1430 1250 1480 physicum
1269 1423 1338 1480 ⁴qui
1359 1444 1548 1468 summam
1569 1431 1693 1470 laudis

235 1494 494 1532 arbitrabatur
522 1496 669 1545 placere
696 1496 761 1533 uni
790 1496 821 1532 si
842 1502 939 1533 esset
960 1495 1127 1545 optimus
1148 1495 1213 1545 qui
1234 1496 1694 1546 probaret—Theodorus

236 1558 467 1598 Prodromus
497 1560 534 1598 in
569 1561 716 1598 anerii
748 1561 907 1597 ΜΞΝ-ΕΠ.
939 1561 962 1598 ἰ.
993 1574 1029 1610 p.
1064 1573 1137 1598 20:
1178 1562 1207 1596 εἷ
1235 1563 1301 1609 γὰρ
1335 1563 1354 1596 ὁ
1388 1559 1435 1598 εἷς
1461 1561 1583 1607 μύριοι,
1612 1562 1691 1610 παρ’

233 1626 454 1675 Ἡρακλείτῳ,
475 1627 533 1662 ἐὰν
552 1627 691 1674 ἄριστος
710 1623 742 1671 ᾗ,
762 1628 894 1663 πάντως
920 1628 972 1661 καὶ
999 1626 1018 1670 ἦ
1043 1627 1103 1671 μία
1128 1626 1276 1672 χελιδὼν
1294 1626 1366 1661 ἀντὶ
1384 1627 1512 1673 μυρίων
1530 1624 1692 1674 λογίζοιτ’

234 1694 275 1728 ἂν
302 1694 360 1729 ε’ὰν
387 1696 553 1740 κληρῶται
581 1696 619 1729 τὸ
647 1691 954 1740 ὅριστον-Ῐ(Ῑ(·ῐιὶ
984 1691 1208 1729 Tetrastich.
1243 1691 1283 1729 in
1312 1691 1426 1730 Basll.
1460 1704 1475 1730 1
1509 1691 1590 1739 (fol.
1619 1707 1638 1728 κ
1668 1703 1690 1729 2

234 1770 330 1796 vers.
351 1758 408 1796 ed.
433 1757 536 1809 Bas.)
555 1772 562 1795 :
602 1760 700 1806 αὐχεῖ
720 1759 781 1804 μὲν
797 1759 923 1795 Ἑλλὰς
942 1759 1079 1804 μυρίους
1106 1758 1184 1795 τοὺς
1202 1758 1368 1805 ἐκγόνους,
1389 1759 1487 1805 αὐχεῖ
1507 1758 1543 1793 δὲ
1562 1760 1694 1795 Πόντος

234 1825 292 1859 τὸν
321 1825 500 1860 Βασίλειον
525 1827 627 1870 μόνον
654 1825 707 1858 καὶ
736 1825 953 1859 καταποντεῖν
973 1819 1022 1874 [l]
1051 1825 1098 1871 τῷ
1125 1825 1216 1871 καλῷ
1244 1823 1304 1867 τὴν
1330 1822 1494 1859 Ἐλλάδα.
1536 1820 1585 1860 εἷς
1611 1823 1691 1870 γὰρ,

234 1887 304 1923 καθ’
324 1887 555 1935 Ἡράκλειτον,
577 1889 651 1923 ἐστὶ
669 1886 991 1936 μύριοι-Βεερίο.
1012 1886 1250 1936 Epigramm.
1270 1899 1330 1936 ap.
1354 1886 1463 1935 Diog.
1486 1886 1613 1924 Laert.
1635 1885 1691 1924 ix.

239 1953 286 1989 16
307 1951 498 2002 (=Anth.
525 1951 608 1990 Pal.
627 1951 692 1989 vil.
720 1950 833 2001 128):
875 1950 919 1988 εἷς
940 1953 1012 1996 ε’μυὶ
1031 1953 1205 1998 ἅνθρωπος
1225 1951 1428 1999 τρισμύριοι·
1456 1953 1488 1986 οί
1507 1951 1535 1987 δ’
1555 1951 1691 1999 ἀνάριθ-

232 2033 290 2063 μοι
319 2018 437 2055 οι’·δει’ς·
471 2018 561 2053 ταῦτ’
581 2019 670 2053 αὐδῶ
697 2019 748 2053 καὶ
774 2018 864 2064 παρὰ
886 2019 1090 2063 Περσεφόνῃ
1118 2016 1155 2065 (e
1183 2015 1354 2065 Diogene
1383 2029 1453 2053 sua
1481 2015 1692 2054 lmuserunss

233 2081 531 2132 olympiodorus
561 2082 707 2120 Comm.
737 2081 776 2119 in
807 2080 905 2118 Plat.
934 2081 1051 2131 Gorg.
1081 2094 1118 2130 p.
1141 2082 1213 2128 267
1246 2081 1303 2119 ed.
1334 2080 1455 2127 Iahn„
1484 2084 1523 2118 et
1550 2079 1692 2119 Suidas

232 2159 261 2184 s.
283 2160 319 2184 v.
349 2146 757 2197 ἀναρίθμητος)-Οοιι1’.
787 2146 920 2184 Cicero
953 2145 1002 2183 ad
1037 2146 1119 2183 Att.
1149 2145 1226 2183 xvi.
1264 2158 1337 2183 11:
1385 2149 1429 2183 tu
1463 2158 1554 2183 vero
1588 2145 1690 2196 leges

233 2210 362 2257 Sexto,
391 2211 548 2262 eiusque
579 2210 762 2248 iudicium
797 2210 888 2247 mihi
924 2210 1155 2259 pel-scribes:
1194 2209 1241 2249 εἷς
1274 2212 1346 2256 ἐμοὶ
1378 2209 1690 2259 piamon—Seneca

233 2275 356 2326 Epist.
381 2287 398 2325 7
420 2291 427 2314 :
460 2276 704 2316 Democritus
729 2276 782 2313 ait
804 2289 811 2312 :
843 2275 956 2314 Unus
985 2275 1079 2312 mihi
1106 2288 1175 2325 pro
1203 2275 1345 2326 populo
1371 2280 1439 2323 est,
1459 2278 1498 2314 et
1524 2275 1690 2326 populus

231 2355 301 2392 pro
321 2355 409 2380 uno.

286 2418 396 2445 cmv.
428 2406 566 2445 Strabo
599 2407 677 2444 xiv.
715 2419 776 2455 25,
804 2419 839 2456 p.
873 2408 973 2453 642:
1011 2407 1129 2453 ἄνδρες
1159 2406 1187 2441 δ’
1216 2406 1397 2454 ἀξιόλογοι
1433 2408 1616 2455 γεγόνασιν
1651 2405 1688 2441 ἐν

231 2473 314 2517 αὐτῇ
343 2477 409 2508 τῶν
435 2473 496 2518 μὲν
523 2475 676 2508 παλαιῶν
702 2472 922 2518 Ἡράκλειτός
949 2486 985 2506 τε
1015 2473 1034 2505 ό
1063 2471 1235 2506 σκοτεινὸς
1263 2470 1466 2516 καλούμενος
1493 2471 1546 2505 καὶ
1562 2469 1686 2517 Ἑρμό-

231 2532 348 2583 δωρος,
369 2538 445 2584 περὶ
474 2537 513 2572 οὗ
541 2540 560 2573 ὁ
588 2538 687 2574 αὐτὸς
714 2536 811 2573 οὗτός
830 2538 948 2583 φησιν·
972 2534 1092 2579 Ἀξιον
1113 2534 1291 2580 Ἐφεσίοις
1310 2535 1436 2579 ἡβηδὸν
1453 2534 1686 2581 ἀπάγξασθαι,

230 2601 350 2638 οἵτινες
366 2601 581 2649 Ἑρμόδωρον
603 2602 706 2648 ἄνδρα
732 2602 862 2636 ἑωυτῶν
887 2599 1045 2644 ὀνήιστον
1067 2599 1233 2643 ἐξέβαλον
1250 2600 1387 2645 φάντες·
1416 2598 1525 2644 ἡμέων
1536 2599 1620 2644 μηδὲ
1639 2596 1687 2636 εἷς

231 2666 389 2712 ὀνήιστος
406 2667 507 2712 ἔστω,
527 2667 556 2701 εἶ
584 2667 620 2701 δὲ
647 2667 702 2711 μὴ,
723 2665 814 2709 ι’ἷλλῃ
840 2679 877 2699 τε
906 2665 958 2698 καὶ
985 2662 1057 2709 μετ’
1078 2664 1205 2698 ἄλλων.
1263 2663 1354 2698 δοκεῖ
1380 2662 1409 2698 δ’
1430 2662 1527 2700 οὗτος
1556 2664 1575 2697 ὁ
1600 2663 1684 2711 ἀνὴρ

231 2734 351 2777 νόμους
374 2731 466 2767 τινὰς
483 2731 657 2775 Ῥωμαίοις
682 2730 886 2776 συγγράψαι
907 2730 958 2775 (v.
981 2726 1103 2764 Cobet
1123 2726 1266 2764 ΜΠΘῙΠ.
1287 2725 1337 2766 N.
1358 2726 1396 2764 S.
1418 2739 1455 2774 4,
1474 2740 1513 2777 p.
1537 2725 1685 2779 196)—

231 2795 364 2834 Cicero
392 2795 501 2833 Tuse.
526 2808 562 2832 v.
590 2805 661 2842 105
685 2808 692 2831 :
732 2796 789 2831 est
814 2793 917 2842 apud
941 2792 1183 2830 Heraclitum
1208 2790 1408 2842 physicum
1435 2791 1482 2830 de
1508 2791 1684 2843 principe

230 2859 484 2910 Ephesiorum
510 2857 775 2896 Hermodoro:
814 2856 1026 2895 Universos
1045 2856 1101 2894 ait
1120 2855 1306 2906 Ephesios
1332 2869 1412 2894 esse
1437 2860 1560 2894 morte
1583 2855 1683 2894 mul-

230 2925 379 2972 tandos,
399 2923 499 2976 quod
515 2936 602 2962 cum
628 2922 782 2962 civitate
801 2921 1037 2972 expellerent
1055 2920 1344 2959 Hermodorum
1363 2920 1420 2959 ita
1438 2920 1557 2973 locuti
1574 2919 1650 2959 sint
1666 2934 1675 2959 z
