1893 3230
764 223 867 252 ΠΕΡΙ
897 221 1076 252 ΦΥΣΕΩΣ.
1634 220 1655 253 9

864 336 987 377 XXI.

191 415 339 480 Πυρὸς
363 417 528 480 τροπαὶ
556 420 732 478 πρῶτον
758 414 985 462 Θάλασσα·
1025 414 1252 470 Θαλάσσης
1282 414 1326 461 δὲ
1349 413 1405 462 τὸ
1428 414 1504 469 μὲν
1527 413 1656 469 ἥμισυ

400 491 409 506 ἱ
444 490 463 506 ‘l

189 496 262 551 γῆ,
288 489 344 536 τὸ
370 490 414 537 δε
437 512 566 545 ημισυ
590 493 811 554 πρηστήρ.

187 634 246 666 τοῦ
267 633 276 650 ‘
290 634 418 677 κόσμον
440 631 556 667 τόνδε’
580 628 700 683 [vulg.
722 635 853 678 κόσμου
874 627 1309 682 νῦν]-ΟΙ)ηηΡὶοᾶοΓῑιε
1330 630 1371 667 in
1392 630 1490 667 Plat.
1512 630 1651 668 Phaed.

185 709 222 746 p.
247 708 318 733 201
343 696 529 734 Finckh.1
559 698 613 732 διὰ
633 698 669 732 δέ
689 700 790 732 τοῦτο
817 699 834 732 6
864 697 1025 744 ἡμέτερος
1054 698 1250 744 καθηγεμὼν
1269 699 1469 744 φλογὼσεις
1489 698 1598 743 φησὶν
1617 697 1655 741 ἐξ

186 762 317 797 ἐκείνων
337 760 431 812 (scil.
452 766 518 797 τῶν
537 759 688 811 ἄστρων)
720 763 755 797 ἐν
784 765 831 811 τῷ
861 762 968 809 αἰθέρι
997 762 1152 809 γίνεσθαι
1178 763 1232 796 καὶ
1259 761 1381 798 ταύτας
1407 763 1562 809 ὁρᾶσθαι·
1603 764 1656 798 καὶ

184 826 326 872 μήποτε,
347 828 449 874 φησί,
469 829 571 862 τοῦτό
595 827 690 862 ἐστιν
711 826 793 874 ὅπερ
820 829 838 862 6
857 827 1080 872 “Ηράκλειτος
1105 825 1209 873 λέγει·
1248 825 1454 872 Ἀπτόμενος
1478 827 1582 874 μέτρα
1603 828 1656 862 καὶ

185 892 410 939 σβεννύμενος
429 893 546 939 μέτρα·
586 894 624 928 οὐ
643 895 709 940 γὰρ
730 892 837 938 δήπου
864 894 964 930 αὐτὸς
983 895 1000 928 ὁ
1022 893 1129 937 ἥλιος,
1151 893 1228 927 ἀλλ’
1250 895 1268 927 ὁ
1293 894 1378 939 πρὸς
1400 892 1485 938 ἡμᾶς
1503 893 1654 938 ἥλιος-

184 957 333 1007 ReSpic.
366 957 572 995 Cleanthes
606 957 659 994 H.
692 957 732 994 in
768 957 851 995 IOV.
884 970 928 1006 9:
967 960 1059 993 τοῖον
1091 959 1181 1004 ἔχεις
1210 959 1379 1005 ὑποεργὸν
1410 957 1575 1003 ἀνικήτοις
1608 959 1655 993 ε’νὶ

183 1025 306 1070 χερσὶν
342 1024 492 1071 ἆμφήκη,
531 1025 694 1071 πυρόεντ’,
741 1025 805 1059 alei
844 1026 968 1068 ζώοντα
1011 1022 1433 1070 κεραυνόν-ΝἰοῆῐῚᾶθῐ·
1470 1021 1652 1072 Alexiph.

189 1097 286 1136 174:
325 1093 393 1137 πῦρ
421 1091 482 1135 μὲν
510 1089 647 1133 ἀείζωον
676 1087 788 1138 (conf.
822 1088 948 1125 Schol.
978 1088 1026 1125 ad
1058 1086 1407 1138 loe.)—Epictetus
1446 1101 1507 1137 ap.
1542 1088 1650 1125 Stob.

182 1152 315 1191 Floril.
338 1153 439 1191 cviii.
463 1155 513 1191 60
534 1152 570 1204 (e
590 1152 787 1204 Musonio)
805 1166 812 1190 ἰ
844 1154 894 1189 ὅτι
915 1154 1048 1198 τοιαύτη
1069 1154 1087 1198 ἡ
1109 1157 1169 1188 τοῦ
1191 1157 1320 1197 κόσμου
1340 1152 1448 1198 φύσις
1468 1155 1521 1189 καὶ
1541 1153 1580 1198 ἧν
1600 1156 1653 1189 καὶ

181 1220 257 1255 ἔστι
277 1221 329 1255 καὶ
348 1221 456 1256 ἕσται·
487 1221 540 1255 καὶ
560 1221 625 1266 οὐχ
645 1218 715 1255 οἶόν
733 1235 770 1255 τε
790 1220 907 1256 ἄλλως
926 1219 1106 1266 γίγνεσθαι
1125 1221 1166 1254 τὰ
1185 1221 1367 1266 γιγνόμενα
1386 1218 1405 1264 ἢ
1427 1220 1470 1255 ὡς
1491 1221 1549 1254 νῦν
1568 1220 1649 1265 ἕχει·

181 1286 235 1320 καὶ
251 1285 302 1320 ὅτι
321 1284 443 1330 ταύτης
458 1287 516 1330 τῆς
530 1287 656 1332 τροπῆς
672 1284 724 1321 καὶ
739 1287 931 1330 μεταβολῆς
941 1276 986 1319 ὀὐ
1001 1287 1104 1328 μόνον
1116 1286 1147 1319 οἱ
1162 1284 1333 1331 ἅνθρωποι
1347 1283 1579 1331 μετειλήφασι
1599 1286 1652 1319 καὶ

179 1350 292 1386 τᾶλλα
312 1352 377 1394 ζῶα
396 1351 438 1386 τὰ
462 1352 516 1386 ε’πὶ
542 1353 613 1398 γῆς,
635 1351 726 1386 ἀλλὰ
753 1352 805 1386 καὶ
831 1351 872 1385 τὰ
899 1351 982 1395 θεῖα,
1004 1352 1057 1385 καὶ
1077 1351 1113 1395 νὴ
1135 1351 1198 1395 Δί’,
1219 1351 1301 1385 αὐτὰ
1321 1351 1362 1385 τὰ
1381 1350 1537 1397 τέσσαρα
1556 1365 1652 1385 στοι-

179 1418 255 1462 χεῖα
275 1416 341 1451 ἶίνω
361 1417 413 1451 καὶ
432 1417 518 1451 κάτω
538 1416 695 1463 τρέπεται
711 1417 764 1451 καὶ
783 1417 1003 1462 μεταβάλλει·
1044 1417 1096 1451 καὶ
1114 1418 1156 1463 γῆ
1176 1431 1213 1450 τε
1232 1414 1322 1462 ὕδωρ
1341 1416 1469 1462 γίνεται
1489 1416 1542 1450 καὶ
1561 1414 1651 1461 ὕδωρ

166 1481 253 1528 ἀήρ,
271 1481 368 1518 οὗτος
389 1482 424 1516 δέ
443 1483 547 1517 πάλιν
560 1482 605 1517 εἷς
625 1481 741 1529 αἰθέρα
761 1484 982 1527 μεταβάλλει·
1013 1482 1064 1516 καὶ
1085 1482 1103 1515 ὁ
1123 1482 1223 1517 αὐτὸς
1241 1483 1366 1527 τρόπος
1384 1482 1442 1525 τῆς
1461 1482 1652 1526 μεταβολῆς

178 1547 306 1582 ἄνωθεν
333 1546 654 1583 wrm—Iustinus
682 1546 798 1584 Mart.
820 1546 932 1596 Apol.
953 1560 989 1595 p.
1008 1559 1056 1594 93
1080 1545 1110 1583 C
1131 1544 1214 1596 (cit.
1235 1546 1443 1583 Deuteron.
1471 1558 1530 1594 32,
1558 1545 1647 1597 22):

179 1612 408 1657 καταβήσεται
436 1612 573 1656 ἀείζωον
600 1611 779 1659 πῦρ-Μ.
809 1611 1034 1648 Antoninus
1063 1611 1126 1648 vii.
1160 1625 1209 1659 9:
1247 1612 1554 1659 συγκατατέτακται
1583 1614 1649 1659 γὰρ

179 1675 275 1727 (scil.
309 1675 434 1727 πάντα)
470 1679 522 1712 καὶ
556 1680 749 1724 συγκοσμεῖ
778 1679 836 1712 τὸν
868 1679 968 1712 αὐτὸν
998 1680 1138 1723 κόσμον.
1197 1679 1323 1722 κόσμος
1361 1693 1397 1712 τε
1430 1679 1496 1724 γὰρ
1532 1676 1578 1714 εἷς
1611 1678 1650 1722 ἐξ

178 1744 333 1779 ἁπάντων
353 1744 405 1778 καὶ
420 1743 521 1778 οὐσία
540 1742 611 1789 μία,
632 1745 685 1778 καὶ
717 1745 816 1788 νόμος
835 1742 892 1789 εἷς,
914 1745 1019 1790 λόγος
1047 1744 1155 1780 κοινὸς
1173 1745 1309 1779 πάντων
1328 1747 1395 1777 τῶν
1414 1747 1538 1790 νοερῶν
1558 1745 1652 1787 ζώων

178 1807 457 1845 -Heraolitus
484 1806 614 1857 Alleg.
650 1808 765 1845 Hom.
802 1809 873 1845 26:
914 1811 952 1843 τὸ
979 1809 1007 1844 δ’
1028 1810 1082 1844 ἐπὶ
1110 1811 1172 1856 γῆς
1194 1812 1262 1855 πῦρ
1275 1808 1490 1855 ”Ηφαιστον,
1511 1809 1650 1855 ἑτοίμως

176 1874 364 1920 ἁπτόμενόν
383 1889 419 1909 τε
440 1875 493 1908 καὶ
514 1874 740 1920 σβεννύμενον
760 1871 876 1923 (conf.
898 1873 1115 1910 Martianus
1138 1873 1294 1922 Capella
1313 1872 1336 1910 i,
1362 1872 1441 1924 87).

231 1950 316 1976 XXI.
350 1938 527 1976 Clemens
557 1938 668 1976 Alex.
697 1938 840 1990 Strem.
864 1952 898 1976 v.
926 1952 983 1985 14,
1014 1952 1049 1988 p.
1075 1948 1149 1986 712
1179 1938 1389 1989 (=Euseb.
1420 1939 1460 1976 P.
1491 1939 1535 1976 E.
1566 1939 1649 1977 xiii.

181 2018 239 2053 13,
256 2017 292 2054 p.
311 2003 406 2055 676)
423 2020 430 2041 ε
472 2004 524 2040 ὅτι
544 2006 580 2040 δέ
602 2006 654 2040 καὶ
673 2006 813 2052 γενητὸν
833 2007 885 2041 καὶ
904 2006 1059 2053 φθαρτὸν
1079 2007 1179 2041 αὐτὸν
1199 2004 1281 2041 εἶναι
1301 2006 1516 2053 ἐδογμάτιζεν
1534 2005 1650 2052 μηνύει

175 2073 217 2107 τὰ
237 2072 475 2118 ἐπιφερόμενα“
515 2072 630 2117 Πυρὸς
648 2072 770 2118 τροπαὶ
790 2075 925 2118 πρῶτον
941 2071 1115 2107 θάλασσα·
1157 2071 1337 2116 θαλάσσης
1357 2072 1392 2106 δέ
1412 2073 1451 2106 τὸ
1465 2072 1526 2117 μὲν
1541 2072 1648 2116 ἥμισυ

177 2139 233 2185 γῆ,
253 2141 293 2172 τὸ
314 2137 349 2172 δέ
370 2137 475 2182 ἥμισυ
495 2136 662 2183 πρηστήρ.
714 2137 848 2180 δυνάμει
867 2138 933 2183 γὰρ
952 2138 1046 2184 λέγει
1067 2136 1117 2172 ὅτι
1137 2138 1176 2172 τὸ
1195 2140 1263 2183 πῦρ
1283 2137 1347 2172 ὑπὸ
1365 2140 1425 2172 τοῦ
1446 2137 1649 2174 διοικοῦντος

174 2204 282 2250 λόγου
302 2203 356 2237 καὶ
376 2202 453 2236 θεοῦ
472 2202 513 2236 τὰ
534 2201 711 2246 σύμπαντα
736 2202 775 2236 δι’
796 2202 895 2249 ἀέρος
913 2203 1069 2248 τρέπεται
1097 2202 1143 2239 εἷς
1169 2203 1282 2249 ὑγρόν,
1304 2204 1343 2237 τὸ
1364 2204 1408 2239 ὡς
1435 2202 1570 2249 σπέρμα
1588 2205 1647 2248 τῆς

175 2266 443 2311 διακοσμήσεως,
474 2265 492 2300 ὃ
524 2268 619 2301 καλεῖ
644 2267 828 2302 θάλασσαν
853 2264 905 2316 (V.
927 2266 1099 2315 Bernays
1132 2265 1317 2303 Heraclit.
1340 2265 1365 2302 i.
1385 2279 1421 2315 p.
1445 2265 1521 2315 14),
1548 2267 1584 2302 ἐκ
1610 2268 1647 2302 δὲ

173 2332 296 2368 τούτου
315 2331 409 2368 αὖθις
430 2332 557 2378 γίνεται
576 2333 618 2378 γῆ
641 2333 693 2366 καὶ
719 2333 860 2379 οὐρανὸς
886 2334 938 2367 καὶ
964 2333 1006 2367 τὰ
1029 2333 1303 2379 ἐμπεριεχόμενα.
1360 2331 1450 2368 ὅπως
1479 2333 1515 2367 δέ
1544 2333 1647 2368 πάλιν

173 2397 444 2444 ἀναλαμβάνεται
465 2398 516 2431 καὶ
537 2397 738 2443 ἐκπυροῦται
760 2400 883 2444 σαφῶς
903 2398 957 2432 διὰ
983 2397 1111 2432 τούτων
1130 2399 1239 2442 δηλοῖ·
1283 2399 1456 2433 Θάλασσα
1476 2398 1645 2443 διαχέεται

174 2465 227 2499 καὶ
256 2464 428 2510 μετρέεται
459 2464 505 2499 εἷς
533 2464 591 2497 τὸν
610 2463 711 2497 αὐτὸν
730 2465 837 2509 λόγον
857 2465 968 2500 ὁκοῖος
985 2464 1137 2509 πρόσθεν
1156 2462 1196 2507 ἦν
1214 2462 1232 2508 ἢ
1253 2462 1412 2508 γενέσθαι
1431 2461 1642 2509 γῆ-ΟΟΠἙ.

175 2527 416 2578 Hippolytus
451 2526 534 2564 Ref.
568 2526 670 2564 haer.
692 2526 742 2565 vi.
770 2537 840 2576 17:
881 2530 1017 2564 πάντων
1046 2525 1156 2577 (sest,
1187 2527 1242 2564 ait
1273 2527 1380 2564 Simo
1415 2527 1555 2577 Magus
1584 2530 1644 2563 τὸν

173 2596 347 2630 σκοτεινὸν
363 2594 587 2641 εΗράκλειτον
616 2592 844 2644 συλαγωγῶν)
865 2594 957 2630 ὅσων
984 2594 1118 2642 γένεσίς
1147 2595 1250 2638 ἐστιν,
1280 2594 1347 2629 ἀπὸ
1375 2595 1481 2640 πυρὸς
1508 2594 1527 2638 ἡ
1553 2593 1642 2640 ἀρχὴ

171 2661 231 2704 τῆς
257 2660 435 2704 ἐπιθυμίας
461 2661 520 2704 τῆς
546 2659 713 2705 γενέσεως
739 2661 877 2707 γίνεται·
917 2663 1097 2706 τοιγαροῦν
1116 2659 1307 2706 πυροῦσθαι
1330 2661 1369 2695 τὸ
1397 2659 1568 2705 ἐπιθυμεῖν
1585 2661 1644 2704 τῆς

172 2727 386 2770 μεταβλητῆς
398 2726 564 2773 γενέσεως
581 2726 786 2770 ὀνομάζεται.
817 2725 852 2760 ἓν
866 2726 902 2760 δέ
924 2726 960 2760 ὂν
977 2726 1015 2760 τὸ
1034 2727 1101 2772 πῦρ
1118 2725 1274 2772 στροφὰς
1294 2725 1481 2771 στρέφεται
1496 2724 1556 2760 δύο
1572 2726 1638 2761 κτὲ.

174 2788 238 2840 (de
257 2802 337 2826 voc.
357 2790 513 2837 πρηστήρ
533 2803 567 2827 v.
592 2790 733 2827 Seneca
755 2789 801 2837 Q.
817 2789 867 2826 N.
890 2789 928 2826 ii.
955 2791 1003 2837 56
1022 2802 1031 2835 ;
1063 2789 1170 2827 Stob.
1192 2789 1270 2826 Eel.
1294 2789 1317 2827 i.
1338 2802 1373 2839 p.
1395 2789 1502 2841 594).

218 2895 293 2918 ΧΧΙ.
318 2887 376 2927 πῦρ
397 2886 513 2927 τροπὰς
534 2888 670 2919 Eusebii
692 2887 762 2918 cod.
781 2887 831 2918 D:
854 2888 947 2928 πυρὸς
968 2886 1084 2928 τροπὰς
1104 2887 1198 2920 codd.
1216 2888 1244 2919 F
1261 2887 1302 2924 G,
1319 2887 1370 2919 ed.
1392 2887 1504 2929 Steph.
1557 2890 1568 2925 ΙΙ
1587 2889 1639 2918 θα-

174 2937 313 2980 λάσσης]
332 2937 480 2970 θάλασσα
496 2940 630 2971 Eusebii
647 2940 716 2971 cod.
736 2940 773 2970 F.
