1893 3230
211 218 284 260 viii
816 231 1056 260 PRAEFATIO.

210 344 483 382 recentioribus
503 345 659 395 Ephesii
684 344 973 395 cognominibus
1000 357 1079 383 esse
1105 344 1415 395 intellegendum,
1437 347 1504 383 aut
1522 342 1665 383 Herac-

212 409 327 447 lidem
355 410 507 447 aliudve
533 409 718 447 eiusmodi
745 422 882 447 nomen
915 423 995 447 esse
1023 409 1282 460 reponendum
1295 410 1319 448 ⁶.
1376 409 1461 457 Qua
1489 409 1536 448 de
1563 423 1604 448 re
1628 413 1668 448 et

209 487 279 524 per
306 487 346 512 se
379 475 566 524 probabili
600 478 639 512 et
671 475 737 512 diu
770 474 872 513 inter
906 475 1036 513 doctos
1067 475 1236 513 confessa
1268 475 1357 512 nolo
1388 475 1503 512 verba
1532 474 1665 521 facere,

211 543 251 576 et
280 540 454 589 exempla
481 539 537 577 rei
564 540 749 589 quaedam
776 540 899 577 adtuli
927 540 977 578 ad
1006 540 1049 577 fr.
1080 539 1345 577 CXXXVIII.
1371 553 1379 577 :
1419 540 1508 577 licet
1536 542 1667 577 tamen

209 603 403 653 paulisper
418 604 458 640 in
477 605 549 642 hoc
564 605 645 642 loco
665 604 862 642 immorari
882 605 974 642 dum
995 618 1038 642 ea
1053 605 1252 643 defendam
1268 618 1365 655 quae
1385 605 1432 642 ad
1448 604 1494 642 fr.
1511 604 1666 643 CXIX.

210 667 363 706 brevius
383 669 481 706 iusto
501 669 593 715 dixi,
617 670 759 707 scilicet
779 683 865 707 cum
886 669 1229 708 Schleiermachero
1251 669 1438 707 Lassallio
1461 669 1667 707 Schustero

209 732 439 771 dissentiens
475 734 523 772 de
560 734 677 772 citato
714 735 816 784 apud
855 735 1103 772 Eustathium
1141 738 1179 772 et
1217 733 1342 773 Schol.
1377 734 1472 772 Ven.
1511 732 1581 784 (A)
1618 733 1667 771 ad

208 796 256 836 Il.
276 797 382 835 xviii.
407 808 478 846 251
503 803 666 837 auctore.
724 799 809 837 Etsi
834 813 910 837 non
937 800 1079 837 infitias
1107 812 1151 837 eo
1174 799 1345 849 potuisse
1364 798 1608 836 Heraclitum
1627 798 1668 836 in

207 865 340 912 poetas
359 863 534 913 iniquum
561 864 725 902 iudicem
746 864 1055 914 superstitionem
1075 864 1304 913 exprobrare
1324 863 1507 910 Homero,
1527 876 1588 901 res
1607 876 1670 901 me

207 926 329 976 magis
358 931 486 966 movet
513 942 556 966 ac
584 929 639 966 rei
666 929 790 966 forma
818 933 863 966 ut
892 942 978 966 cum
1006 929 1184 966 Fabricio
1212 928 1327 979 (Bibl.
1352 928 1418 966 Gr.
1439 932 1467 966 t.
1488 928 1512 966 i.
1532 941 1569 978 p.
1594 941 1666 977 194

208 990 336 1043 Harl.)
356 996 395 1029 et
413 993 563 1030 Zellero
583 994 701 1030 alium
722 994 849 1031 nescio
865 1007 979 1043 quem
995 993 1212 1030 existimem
1231 1006 1254 1030 a
1273 993 1477 1031 scholiasta
1496 993 1668 1032 indicari.

207 1056 311 1093 Nam
344 1057 392 1094 ad
424 1057 673 1096 Homericum
707 1058 803 1096 illud
837 1059 883 1097 de
912 1059 1130 1108 Polydama,
1163 1058 1342 1095 Hectoris
1373 1058 1468 1096 adeo
1498 1057 1669 1095 moribus

206 1121 394 1168 dissimili,
410 1124 547 1171 ‘'Ex-rope
572 1125 601 1159 δ’
625 1124 682 1169 ἦεν
701 1126 830 1171 ἑταῖρος
850 1126 881 1169 ἰῇ
903 1124 933 1160 δ’
955 1126 990 1160 ἐν
1009 1127 1101 1161 νυκτὶ
1119 1125 1267 1172 γένοντο,
1289 1123 1386 1161 hanc
1413 1116 1523 1161 liobis
1548 1123 1667 1161 inter-

205 1198 293 1235 pres
312 1187 482 1225 Venetus
502 1187 644 1227 excitat
664 1189 892 1239 argutiolam
908 1202 973 1226 :—

260 1257 331 1290 πῶς
350 1255 385 1289 ἐν
402 1258 462 1301 μιᾷ
481 1256 571 1290 νυκτὶ
599 1257 770 1303 γενόμενοι
789 1259 954 1291 τοσοῦτον
973 1255 1132 1300 ἀλλήλων
1152 1255 1354 1302 διαφέρουσι
1373 1257 1431 1301 τῆς
1457 1253 1668 1301 συμπαθείας

205 1321 271 1354 τῶν
299 1320 462 1366 οὐρανίων
489 1321 611 1367 ὁμοίως
638 1322 723 1368 πρὸς
751 1321 964 1368 ἀμφοτέρους
994 1320 1163 1368 ἐχούσης;
1204 1321 1299 1356 ἔστιν
1326 1320 1385 1356 οὖν
1417 1321 1566 1367 διαφορὰ
1595 1322 1666 1356 τοῖς

204 1384 421 1430 γεννωμένοις
450 1386 509 1420 οὐκ
542 1387 576 1420 ἐν
609 1386 701 1421 νυκτὶ
732 1387 834 1431 μόνον
861 1386 951 1420 ἀλλὰ
982 1387 1036 1421 καὶ
1069 1386 1152 1421 κατὰ
1183 1385 1243 1430 τὴν
1270 1388 1328 1430 τῆς
1362 1387 1448 1432 ὥρας
1478 1385 1664 1432 ἀκρίβειαν.

204 1448 425 1494 “Ηράκλειτος
462 1450 614 1486 ἐντεῦθεν
645 1451 860 1498 ἀστρολόγον
893 1452 982 1497 φησὶ
1019 1452 1078 1486 τὸν
1109 1450 1273 1497 ’Ὀμηρον,
1312 1452 1365 1486 καὶ
1402 1450 1437 1485 ἐν
1474 1448 1525 1487 οἷς
1562 1452 1663 1497 φησι·

203 1515 352 1560 μοῖραν
384 1513 414 1549 δ’
446 1516 602 1550 οὔτινά
635 1517 738 1561 φημι
767 1516 1030 1562 πεφυγμένον
1063 1517 1235 1561 ἔμμεναι
1266 1517 1437 1563 ἀνδρῶν,
1469 1516 1516 1551 οὐ
1546 1516 1667 1551 κακὸν

204 1579 293 1614 οὐδὲ
322 1580 395 1626 μὲν
423 1580 591 1624 ἐσθλόν,
621 1580 723 1624 ἐπὴν
751 1582 798 1614 τὰ
825 1584 964 1625 πρῶτα
992 1580 1167 1625 γένηται.

258 1642 412 1680 Horum
447 1642 555 1692 quasi
587 1643 835 1692 appendicem
865 1643 982 1680 habes
1010 1644 1051 1680 in
1080 1644 1223 1682 scholio
1257 1643 1305 1681 ad
1334 1643 1475 1681 alteros
1504 1642 1666 1681 Homeri

203 1707 341 1745 citatos
360 1720 492 1746 versus
513 1707 575 1758 (Il.
596 1707 648 1746 vi.
669 1706 776 1757 488),
798 1707 866 1745 ubi
892 1707 1025 1745 eadem
1051 1707 1192 1745 chorda
1221 1708 1375 1745 oberrat
1400 1707 1588 1757 interpres
1601 1720 1665 1746 :—

203 1774 359 1820 φαίνεται
380 1775 433 1809 καὶ
451 1774 510 1819 τὴν
528 1773 756 1819 μαθηματικὴν
774 1778 908 1820 πρῶτος
927 1775 1024 1810 εἰδὼς·
1037 1773 1198 1821 ”Ομηρος,
1219 1775 1254 1809 ἐν
1274 1772 1323 1811 οἷς
1337 1775 1396 1819 τὴν
1415 1775 1470 1810 ε’πὶ
1497 1775 1664 1821 γενέσεως

204 1839 292 1885 ὥραν
310 1838 480 1885 περιέχειν
493 1839 535 1873 τὰ
554 1838 814 1883 ἀποτελέσματα
832 1839 925 1884 λέγει
938 1837 962 1874 ⁷.
1019 1837 1132 1875 Unde
1157 1837 1248 1875 satis
1267 1840 1373 1886 patei]
1393 1837 1621 1886 scriptorem
1640 1850 1664 1875 a

203 1901 407 1939 scholiasta
436 1906 669 1952 excerptum,
691 1901 863 1950 quisquis
891 1901 977 1943 fuit,
1003 1903 1218 1950 ἀστρολόγον
1235 1915 1369 1939 vocem
1394 1915 1508 1939 sensu
1534 1915 1663 1939 recen-

202 1966 301 2004 tiore
330 1979 543 2016 usurpasse,
574 1966 866 2003 mathematicas
894 1969 995 2004 artes
1023 1966 1183 2013 novisse,
1205 1966 1421 2004 Homerum
1450 1966 1663 2004 mathema-

201 2031 325 2069 ticum
344 2032 440 2069 velle
459 2032 768 2080 laudare—quae
788 2030 916 2068 omnia
935 2044 957 2068 a
976 2031 1123 2069 saeculo
1137 2031 1149 2051 ⁸
1168 2035 1207 2068 et
1234 2031 1362 2069 indole
1391 2031 1608 2078 abhorrent,
1631 2032 1663 2070 si

205 2096 300 2145 quid
329 2096 453 2143 video,
482 2096 674 2134 Heracliti
703 2096 836 2133 nostri.
892 2096 1042 2135 Verum
1072 2100 1115 2133 ut
1143 2099 1200 2133 est
1229 2110 1250 2133 a
1278 2099 1406 2134 nostro
1435 2096 1559 2134 aliena
1589 2096 1663 2134 ista

201 2160 366 2199 Homeri
403 2160 573 2199 laudatio
612 2160 666 2198 ita
701 2160 846 2210 optime
880 2160 920 2197 in
958 2160 1254 2211 grammaticum
1293 2162 1456 2211 quadrat
1494 2160 1662 2200 Cratetis

246 2321 259 2339 ⁶
282 2322 367 2353 Rem
383 2325 591 2363 agnoverunt
606 2321 746 2362 plurimi,
765 2331 825 2362 eg.
839 2321 1064 2362 Hieronymus
1081 2321 1290 2353 Mercurialis
1302 2322 1347 2352 V.
1365 2321 1402 2352 L.
1412 2321 1456 2353 iv.
1476 2329 1523 2362 14,
1543 2322 1662 2353 Casan—

203 2374 308 2404 bonus
324 2374 367 2404 ad
379 2373 476 2414 Diog.
492 2374 604 2405 Laert.
621 2373 689 2404 viii.
706 2372 757 2411 61,
774 2374 945 2404 Fabricius
962 2374 1048 2404 Bibl.
1065 2374 1182 2405 Graec.
1198 2377 1224 2404 t.
1240 2374 1261 2404 i.
1278 2385 1309 2414 p.
1325 2382 1386 2414 194
1401 2384 1434 2404 n.
1450 2384 1471 2415 9
1486 2373 1537 2404 ed.
1554 2374 1662 2410 Harl„

203 2424 337 2456 Bastius
360 2425 402 2456 ad
425 2425 561 2465 Gregor.
586 2425 733 2456 Corinth.
758 2436 790 2465 p.
808 2425 880 2463 881,
900 2426 938 2455 E.
956 2425 1107 2456 Deswert
1131 2425 1171 2455 de
1194 2425 1371 2456 Heraclide
1395 2425 1533 2455 Pontico
1556 2436 1587 2466 p.
1607 2425 1660 2461 81,

202 2476 232 2506 Ι.
249 2476 288 2507 Ε.
305 2476 345 2507 G.
362 2476 488 2507 Roulez
514 2477 554 2507 de
570 2476 652 2507 Vita
673 2478 706 2506 et
730 2476 858 2517 scriptis
880 2476 1080 2507 Heraclidae
1104 2476 1236 2507 Pontici
1255 2476 1385 2517 passim,
1401 2477 1444 2506 A.
1463 2476 1503 2506 B.
1519 2475 1661 2506 Krische

204 2528 440 2569 Forschungen
463 2532 487 2559 t.
505 2528 526 2560 i.
549 2539 581 2569 p.
603 2534 676 2568 327,
695 2528 894 2568 Bernaysius
919 2528 1081 2559 Heraclit.
1103 2530 1187 2568 part.
1206 2527 1226 2558 i.
1244 2538 1275 2568 p.
1294 2536 1344 2566 27.
1390 2527 1490 2558 Unde
1509 2527 1548 2558 fit
1568 2530 1606 2558 ut
1628 2530 1662 2558 et

203 2578 242 2610 fr.
269 2579 349 2610 XV.
373 2580 598 2610 Herodoteum
627 2590 696 2609 esse
723 2579 921 2610 crediderint
947 2579 1045 2609 multi
1074 2580 1171 2619 (quos
1198 2579 1285 2609 inter
1309 2578 1546 2619 VVesselingius
1573 2578 1662 2609 Diss.

202 2630 364 2663 Herodot.
381 2642 407 2663 c.
426 2641 454 2671 3,
470 2642 508 2662 ac
524 2631 558 2661 G.
576 2631 614 2661 F.
633 2631 803 2661 Hermann
822 2631 862 2661 ad
886 2631 1022 2661 anian.
1039 2630 1209 2668 Quomodo
1232 2630 1307 2661 hist.
1332 2630 1490 2661 conscrib.
1514 2641 1546 2671 p.
1566 2630 1641 2670 184)
1652 2641 1662 2670 ;

203 2685 237 2714 et
260 2683 300 2714 fr.
323 2683 435 2714 LXX.
460 2682 657 2723 allegoretae
682 2683 737 2713 isti
761 2683 932 2713 Heraclito
956 2683 1088 2713 Mehler
1113 2682 1169 2722 (ad
1189 2682 1299 2722 Alleg.
1323 2681 1491 2712 Homeric.
1514 2692 1545 2722 p.
1570 2681 1604 2712 ix
1628 2684 1662 2712 et

203 2745 236 2775 p.
256 2743 268 2765 Ι
275 2736 332 2774 01)
350 2734 532 2765 addixerit:
558 2744 701 2764 errorem
719 2734 862 2764 Mebleri
879 2734 958 2764 satis
974 2744 1026 2764 me
1050 2734 1155 2765 iudice
1174 2734 1337 2765 Ionismus
1354 2734 1387 2763 in
1402 2732 1495 2772 ξυνόν
1511 2736 1660 2764 servatus
1717 2735 1720 2738 ’

203 2786 371 2868 Γθξθιέἕαῖ.
389 2836 494 2868 Schol.
509 2836 596 2867 Ven.
616 2836 679 2876 (A)
697 2837 738 2867 ad
756 2836 795 2868 Il.
813 2836 834 2867 i.
852 2835 915 2867 606
931 2848 935 2867 :
960 2836 1079 2877 πρῶτος
1103 2835 1135 2866 δὲ
1146 2834 1286 2877 ’Όμηρος
1307 2834 1454 2877 ἀφορμὴν
1475 2834 1571 2867 ἔδωκε
1595 2835 1660 2867 τοῖς

201 2887 264 2919 ἀπὸ
279 2889 343 2919 τῶν
357 2885 550 2928 μαθημάτων
568 2887 695 2928 εἰρηκὼς
712 2887 848 2919 ἕκαστον
864 2887 927 2918 τῶν
942 2887 1020 2918 θεῶν
1036 2886 1115 2920 ἴδιον
1131 2886 1217 2919 οἶκον
1232 2887 1329 2927 ἔχειν.

245 2940 257 2959 ⁸
280 2940 359 2973 Vid.
377 2940 509 2971 Lobeck
525 2940 743 2981 Aglaopham.
761 2950 792 2981 p.
809 2948 882 2980 420.
