1893 3230
198 228 244 262 12
680 232 958 262 HPAKAEITOY
990 231 1177 261 ΕΦΕΣΙΟΥ

827 362 1020 404 XXVII.

199 448 267 495 Τὸ
291 450 348 505 μὴ
373 450 491 496 ὃῦνόν
516 472 628 497 ποτε
652 454 739 500 πῶς
763 449 813 495 ἄν
837 472 903 500 τις
927 449 1085 505 λάθοι;

816 581 1036 623 XXVIII.

198 666 270 712 Τὰ
295 666 339 713 δὲ
362 666 509 714 πάντα
536 667 712 732 οιάκῖζει
739 670 949 732 κεραυνός.

843 800 1009 841 XXIX.

182 886 354 936 ”Ηλιος
380 888 462 950 οὐχ
485 889 780 951 ὑπερβήσεται
806 888 964 951 μέτρα·
1002 888 1037 931 εἶ
1066 885 1110 931 δὲ
1132 888 1205 940 μή,
1231 885 1420 948 Ἐρινύες
1449 906 1521 937 μιν
1551 884 1662 939 δίκης

195 966 410 1028 ἐπίκουροι
435 964 726 1029 ἐξευρήσουσι.

197 1127 355 1165 *Aetna
375 1142 411 1165 v.
436 1129 536 1177 536:
577 1128 681 1178 quod
710 1128 741 1165 si
771 1128 856 1177 quis
886 1128 1023 1178 lapidis
1051 1128 1213 1165 miratur
1232 1127 1344 1165 fusile
1371 1128 1498 1173 robur,
1521 1126 1663 1176 cogitet

198 1193 349 1231 obscuri
369 1194 568 1231 verissima
596 1194 699 1232 dicta
728 1194 861 1241 libelli,
883 1194 1092 1239 Heraclite,
1114 1193 1184 1239 tui,
1206 1193 1301 1229 nihil
1332 1192 1587 1243 insuperabile
1617 1193 1664 1230 ab

195 1258 290 1309 igni,
311 1258 440 1295 onmia
466 1273 540 1309 quo
560 1272 688 1296 rerum
717 1264 875 1297 naturae
905 1259 1050 1297 semina
1077 1259 1188 1296 iacta.
1218 1258 1541 1309 Ber-nays—fort.
1564 1258 1662 1295 The-

194 1323 349 1361 mistius
377 1323 418 1361 in
447 1324 608 1361 Aristot.
642 1324 752 1373 Phys.
784 1324 836 1362 iii.
871 1335 905 1372 5,
932 1339 967 1374 p.
993 1338 1065 1373 231
1093 1324 1260 1374 Speng:
1305 1326 1458 1360 ἐντεῦθεν
1485 1325 1550 1371 γὰρ
1579 1324 1665 1369 ἡμᾶς

196 1391 250 1425 καὶ
270 1388 451 1425 δεδίττεται
477 1390 794 1438 συμφλεγήσεσθαί
821 1406 903 1427 ποτε
931 1393 970 1426 τὸ
999 1393 1067 1426 πᾶν
1096 1391 1258 1435 ἀπειλῶν,
1280 1390 1393 1435 ἐπειδὴ
1423 1389 1664 1434 διαλυθήσεται

195 1456 244 1491 εἷς
263 1458 363 1490 τοῦτο
385 1456 422 1501 ἐξ
442 1455 481 1489 οὗ
502 1457 555 1490 καὶ
574 1456 704 1503 γέγονε.

252 1530 385 1556 XXVII.
429 1519 604 1556 Clemens
638 1520 747 1557 Alex.
782 1520 940 1570 Paedag.
976 1520 1015 1558 ii.
1050 1533 1110 1562 10,
1139 1533 1175 1569 p.
1210 1532 1308 1568 229:
1340 1521 1482 1565 λήσεται
1509 1522 1571 1565 μὲν
1598 1521 1665 1567 γὰρ

195 1584 284 1621 ἰ’σως
302 1587 341 1620 τὸ
360 1586 523 1630 αἰσθητὸν
543 1589 619 1632 φῶς
639 1602 699 1631 τις,
721 1588 760 1621 τὸ
788 1587 824 1621 δέ
851 1589 968 1631 νοητὸν
995 1586 1158 1622 ἀδύνατόν
1177 1587 1281 1631 ἐστιν,
1302 1586 1320 1631 ἢ
1352 1587 1396 1622 ὥς
1423 1588 1534 1633 φησιν
1559 1585 1666 1633 ‘de-

197 1653 338 1695 κλειτος,
359 1652 398 1686 τὸ
417 1652 462 1697 μὴ
483 1652 581 1686 δῦνόν
600 1667 682 1687 ποτε
703 1656 774 1689 πῶς
793 1653 833 1686 ἅν
850 1668 901 1689 τις
918 1653 1040 1692 λάθοι,-

251 1726 401 1752 XXVIH.
434 1715 674 1765 Hippolytus
694 1715 779 1753 Ref.
802 1716 904 1754 haer.
925 1717 975 1754 ix.
998 1729 1043 1754 10
1060 1728 1068 1753 τ
1098 1717 1192 1764 λέγει
1212 1717 1248 1752 δὲ
1268 1718 1321 1752 καὶ
1340 1718 1469 1761 κόσμου
1489 1715 1600 1763 κρίσιν
1615 1717 1668 1751 καὶ

198 1782 332 1817 πάντων
351 1785 418 1816 τῶν
437 1782 472 1816 ἐν
491 1782 581 1830 αὐτῷ
602 1783 656 1816 διὰ
675 1784 782 1828 πυρὸς
800 1783 969 1830 γίνεσθαι,
990 1784 1101 1830 λέγων
1120 1781 1237 1819 οὕτως·
1284 1783 1332 1817 Τὰ
1352 1784 1388 1817 δὲ
1407 1784 1514 1818 πάντα
1534 1781 1669 1826 οἷακίζει

199 1848 367 1892 κεραυνός,
388 1846 546 1881 τουτέστι
566 1847 767 1882 κατευθύνει·
798 1850 958 1894 κεραυνὸν
976 1849 1014 1882 τὸ
1033 1851 1101 1894 πῦρ
1120 1847 1231 1894 λέγων
1258 1849 1297 1882 τὸ
1325 1845 1666 1894 αἷώνιον-ΒΘΞΡῙΟ,

202 1908 407 1947 Cleanthes
436 1908 489 1947 H.
518 1910 558 1946 in
581 1910 714 1947 Iovem
740 1923 807 1948 10:
849 1915 940 1948 τοῖον
968 1914 1056 1958 ἔχεις
1087 1913 1252 1958 ὑποεργὸν
1280 1911 1444 1956 ἀνικήτοις
1473 1912 1519 1947 ε’νὶ
1546 1912 1668 1958 χερσὶν

198 1975 336 2021 ἆμφὴκη
361 1974 516 2021 πυρόεντ’
536 1977 599 2010 αἶεὶ
621 1978 745 2019 ζώοντα
769 1980 925 2024 κεραυνόν
947 2006 953 2013 .
978 2006 984 2013 .
1009 2005 1015 2012 .
1039 2006 1046 2014 .
1068 1975 1096 2025 ᾦ
1125 1979 1169 2013 σὺ
1195 1978 1403 2013 κατευθύνεις
1429 1978 1536 2012 κοινὸν
1561 1975 1668 2023 λόγον

199 2042 265 2076 κτὲ.
298 2039 379 2091 (sed
409 2053 442 2077 v.
465 2039 722 2077 XVachsmuth
751 2041 798 2078 ad
828 2040 1077 2091 loe.)—fort.
1107 2041 1357 2079 Philodemus
1386 2043 1463 2089 περὶ
1492 2043 1669 2083 εὐσεβείας

197 2117 235 2154 p.
259 2114 308 2153 70
328 2104 386 2142 ed.
408 2103 610 2153 Gomperz.
629 2117 635 2141 :
668 2108 710 2142 ὣς
731 2109 841 2153 φησιν
863 2136 870 2144 .
892 2136 899 2144 .
924 2134 930 2143 .
955 2136 962 2144 .
983 2110 1140 2154 κεραυνὸς
1158 2107 1308 2147 π<άντ’
1328 2105 1528 2150 οἷακ>ίζει.

256 2181 372 2206 ΧΧΙΧ.
404 2169 633 2207 Plutarchus
654 2170 699 2207 de
720 2170 826 2207 Exil.
852 2184 866 2206 1
881 2184 912 2217 1,
933 2185 968 2221 p.
988 2173 1065 2218 604
1083 2186 1090 2209 :
1113 2177 1180 2208 τῶν
1197 2173 1376 2217 πλανήτων
1395 2172 1536 2208 ἕκαστος
1556 2172 1591 2206 ἐν
1609 2174 1668 2217 μιᾷ

200 2237 346 2283 σφαίρᾳ,
367 2236 517 2282 καθάπερ
538 2236 573 2270 ἐν
593 2235 695 2284 νήσῳ,
716 2239 910 2282 περιπολῶν
940 2238 1161 2283 διαφυλάττει
1190 2239 1250 2282 τὴν
1267 2238 1372 2282 τάξιν·
1401 2238 1497 2282 ἥλιος
1518 2237 1584 2284 γὰρ
1604 2237 1668 2282 οὐχ

199 2301 428 2348 ὑπερβήσεται
466 2301 582 2348 μέτρα,
622 2302 732 2347 φησὶν
764 2304 782 2336 ὁ
814 2301 1047 2349 Ἡράκλειτος·
1092 2304 1120 2338 εἷ
1151 2303 1186 2338 δέ
1219 2302 1274 2348 μή,
1305 2301 1456 2349 Ἐρινύες
1491 2317 1548 2348 μιν
1577 2302 1669 2345 δίκης

198 2367 371 2413 ἐπίκουροι
399 2366 810 2413 ἐξευρήσουσιν--Ῑᾶθω
842 2367 888 2404 de
919 2366 1022 2404 Iside
1053 2369 1115 2413 48,
1145 2381 1181 2417 p.
1214 2377 1315 2415 370:
1346 2370 1405 2403 τὸν
1432 2369 1493 2413 μὲν
1505 2367 1668 2418 ”Ομηρον,

199 2433 381 2477 εὐχόμενον
409 2433 445 2466 ἔκ
473 2447 510 2466 τε
539 2432 624 2467 θεῶν
653 2433 722 2479 ἕριν
750 2434 786 2468 ἕκ
814 2432 842 2468 τ’
867 2433 1052 2480 ἀνθρώπων
1080 2434 1280 2478 ἀπολέσθαι,
1309 2433 1483 2468 λανθάνειν
1512 2433 1602 2479 φησὶ
1629 2435 1670 2477 τῇ

199 2499 333 2532 πάντων
350 2497 484 2544 γενέσει
504 2499 748 2543 καταρώμενον,
771 2499 805 2532 ἐκ
825 2500 935 2543 μάχης
955 2500 1007 2532 καὶ
1027 2498 1240 2534 ἀντιπαθείας
1268 2498 1328 2542 τὴν
1355 2497 1489 2544 γένεσιν
1508 2498 1668 2543 ἐχόντων,

200 2561 297 2605 ἥλιον
317 2561 351 2595 δέ
371 2562 415 2605 μὴ
436 2560 696 2606 ὑπερβήσεσθαι
716 2563 794 2598 τοὺς
812 2562 1044 2607 προσήκοντας
1070 2562 1180 2608 ὄρους’
1210 2563 1238 2596 εἷ
1258 2562 1293 2595 δέ
1312 2560 1367 2606 μή,
1388 2563 1543 2606 γλώττας·
1563 2557 1668 2612 [forfi.

201 2628 375 2662 πανόπτας
393 2625 452 2662 vel
474 2623 638 2677 ἐπόπτας]
665 2643 721 2672 μιν
750 2628 839 2672 δίκης
868 2627 1065 2674 ἐπικούρους
1084 2626 1483 2675 ἐξευρήσειν-Βθερὶο.
1506 2627 1668 2676 pseudo-

202 2689 438 2738 Pythagoras
468 2703 526 2739 ap.
549 2689 754 2739 Hippolyt.
783 2690 869 2728 Ref.
900 2691 1002 2730 haer.
1022 2691 1071 2729 vi.
1097 2693 1145 2728 26
1160 2704 1169 2738 ς
1206 2691 1442 2728 Iamblichus
1470 2690 1667 2742 Protrept.

205 2768 263 2801 21,
286 2769 323 2804 p.
351 2768 423 2803 132
450 2755 577 2792 Areer.
609 2756 672 2807 (ad
698 2756 744 2793 fr.
772 2756 877 2794 XCV
897 2756 1006 2807 cit.);
1037 2756 1427 2806 pseudo-Heraclitus
1454 2756 1578 2807 Epist.
1600 2757 1665 2795 ix:

200 2821 331 2859 πολλαὶ
351 2821 441 2866 δίκης
460 2821 623 2867 Ἐρινύες,
644 2824 889 2869 ἁμαρτημάτων
909 2823 1073 2869 φύλακες.

246 2933 359 2956 XXViI.
383 2925 444 2966 τις]
463 2937 534 2956 τινα
552 2925 850 2957 Schleiermacher:
879 2937 907 2956 τι
925 2925 1087 2956 Gataker.
