1893 3230
217 244 243 268 X
824 237 1063 265 PRAEFATIO.

220 355 359 393 citatae
379 354 635 391 adtendentes.
694 351 811 400 Apud
831 348 1027 387 inferiores
1056 351 1184 386 autem
1205 348 1351 386 accedit
1369 361 1469 386 nova
1488 348 1673 397 deprava·

219 419 337 457 tionis
366 432 501 457 causa:
540 431 618 455 non
646 430 693 454 ex
722 416 807 465 ipso
836 415 943 452 fonte
975 414 1041 451 sed
1070 427 1117 451 ex
1144 413 1280 452 rivulis
1308 414 1426 451 ferme
1455 412 1676 450 Heraclitea

220 484 438 522 desumunt.
494 482 677 519 Percurre
696 493 845 518 mecum
865 478 1096 525 testimonia,
1117 479 1274 528 adparet
1294 492 1316 515 a
1335 478 1469 528 primis
1488 478 1578 515 inde
1597 489 1676 514 sae-

221 550 316 587 culis
341 549 510 586 oculatos
538 560 667 584 rerum
695 548 811 583 testes
838 558 917 583 esse
935 557 1086 594 pauCOS,
1107 557 1154 581 ex
1181 544 1453 594 interpretibus
1475 543 1677 593 plerosque

222 614 397 664 pendere,
418 613 536 650 citata
556 611 738 658 mutuari,
759 624 836 648 non
856 623 925 660 pro
946 623 984 647 se
1011 623 1078 647 sua
1097 622 1284 660 quemque
1303 608 1501 647 invenisse.
1559 607 1679 645 Velut

222 680 302 729 ipse
323 679 455 717 Cicero
474 678 732 727 fragmentum
751 676 848 714 illud
867 675 912 712 de
929 675 1167 712 Hermodoro
1187 674 1315 711 exsule
1334 674 1502 712 indidem
1521 672 1678 711 arcessit

224 758 267 782 ac
287 747 374 793 post
393 757 480 781 eum
499 742 710 787 Musonius,
731 741 889 778 fortasse
915 753 961 777 ex
982 739 1179 788 deperdita
1199 739 1325 777 nescio
1353 739 1460 778 cuius
1479 739 1526 776 de
1545 737 1680 776 exsilio

224 808 553 846 commentatione.
611 806 742 844 Etiam
760 805 917 842 Philoni
937 804 1064 842 minus
1088 809 1222 842 notum
1242 804 1358 842 fuisse
1377 804 1521 841 librum
1540 803 1679 849 iudico,

225 874 291 924 qui
312 873 462 923 saepius
482 872 692 910 orationem
723 885 797 908 usu
823 874 1041 919 corruptam
1066 869 1245 906 adhibeat
1271 869 1474 918 Stoicoque
1500 871 1682 906 contextu

226 939 406 988 implicet,
427 951 470 975 ac
489 937 671 987 pleraque
694 935 921 985 pervulgata
941 938 979 971 et
998 933 1120 971 cuivis
1148 934 1261 972 obvia
1280 934 1441 980 referat;
1473 946 1569 983 quae
1594 936 1686 970 sunt

227 1004 323 1041 mihi
336 1003 490 1041 citantis
503 1016 549 1039 ex
562 1002 771 1051 interprete
787 1001 1024 1037 documenta.
1061 998 1301 1036 Antoninum
1313 1002 1421 1049 patet
1437 998 1583 1036 Stoicos
1597 1010 1685 1035 suos

228 1069 346 1119 sequi.
369 1068 573 1114 Lucianus,
593 1067 685 1104 dum
706 1066 745 1102 in
766 1064 963 1115 parodiam
982 1064 1291 1101 Heracliteorum
1312 1063 1478 1102 Stoicam
1498 1063 1688 1111 ἐκπύρωσιν

230 1133 389 1180 inducit,
420 1133 521 1170 unde
550 1145 617 1169 sua
646 1130 802 1181 petierit
830 1130 1023 1168 fatetur¹⁰.
1083 1129 1282 1168 Laertium
1315 1129 1356 1166 in
1388 1129 1458 1167 hac
1490 1141 1569 1165 una
1600 1141 1687 1178 par-

230 1199 349 1236 ticula
382 1197 507 1248 operis
541 1197 640 1234 libro
669 1198 892 1246 pervetusto
922 1209 1035 1232 usum
1064 1208 1145 1233 esse
1173 1208 1283 1232 nemo
1311 1194 1387 1232 iam
1416 1192 1687 1232 adfirmaverit.

232 1262 352 1312 Apud
387 1263 548 1300 Sextum
588 1263 643 1299 ita
675 1261 840 1299 accrevit
878 1261 1107 1298 Heracliteis
1141 1259 1406 1310 interpretatio
1443 1263 1488 1297 ut
1521 1272 1690 1296 errorem

233 1342 280 1366 ne
317 1328 398 1378 ipse
438 1328 594 1377 quidem
633 1326 806 1376 effugisse
843 1326 1031 1364 videatur.
1107 1325 1294 1376 Origenes
1332 1338 1400 1363 sua
1442 1324 1690 1362 disertissime

234 1393 345 1432 Celso
383 1397 537 1442 accepta
574 1392 700 1430 refert.
774 1391 971 1439 Quaedam
1008 1405 1031 1429 a
1068 1390 1220 1428 Plotino
1258 1390 1502 1436 Iamblichus‚
1542 1403 1565 1426 a
1602 1389 1689 1427 Plu-

234 1459 368 1496 tarcho
415 1458 601 1505 Iulianus,
638 1457 760 1495 multa
797 1470 819 1493 a
858 1456 1062 1493 Plutarcho
1099 1469 1143 1494 ac
1181 1456 1378 1494 Clemente
1420 1454 1610 1494 Eusebius
1653 1458 1692 1492 et

236 1524 498 1561 Theodoretus
536 1522 827 1560 transtulerunt.
904 1521 1139 1559 Scholiastae
1178 1521 1338 1559 Homeri
1378 1534 1556 1571 magnam
1593 1523 1694 1558 certe

235 1592 383 1638 partem
413 1588 555 1625 habent
589 1600 636 1624 ex
671 1585 959 1624 collectionibus
992 1585 1069 1623 illis
1100 1585 1366 1635 quaestionum
1395 1589 1434 1623 et
1463 1584 1697 1623 solutionum

238 1653 533 1691 Homericarum
554 1665 647 1702 quas
667 1650 905 1688 Aristoteleo
925 1664 1029 1688 more
1049 1650 1281 1700 conscriptas
1309 1649 1550 1700 grammatici
1575 1648 1695 1686 Alex-

239 1717 391 1756 andrini
423 1717 659 1766 reliquerant
672 1717 709 1754 Π.
768 1716 828 1753 De
866 1715 951 1753 aliis
985 1715 1114 1765 opinio
1148 1714 1358 1762 difficilior3
1402 1714 1478 1751 nisi
1510 1714 1608 1751 forte
1641 1713 1698 1750 ita.

240 1797 287 1821 ex
330 1782 431 1820 notis
474 1782 605 1831 ignota
647 1781 847 1818 decernere
883 1779 978 1817 velis
1019 1783 1066 1817 ut
1102 1779 1244 1829 ubique
1281 1780 1357 1817 iam
1394 1779 1510 1817 tertio
1548 1779 1697 1816 saeculo

240 1847 444 1896 scriptores
481 1859 529 1884 ex
566 1846 777 1894 interprete
814 1844 979 1894 pendere
1016 1844 1212 1888 coniectes,
1252 1843 1292 1880 in
1329 1848 1437 1881 tanta
1474 1843 1699 1893 praesertim

242 1912 404 1963 penuria
441 1911 627 1948 librorum
664 1914 905 1947 vetustorum
944 1922 1058 1958 quam
1096 1909 1267 1957 agnoscit
1304 1908 1544 1958 Porphyrius
1585 1908 1700 1945 homo

242 1990 286 2013 ea
306 1979 430 2013 aetate
450 1975 754 2013 litteratissimus
773 1979 810 2011 et
830 1987 1014 2024 perquam
1035 1974 1230 2010 studiosus
1250 1973 1496 2022 antiquitatis
1509 1973 1548 2011 ¹².
1597 1972 1702 2019 Quid

243 2041 375 2091 igitur,
409 2040 624 2090 perieratne
657 2038 733 2076 iam
767 2039 890 2076 liber?
946 2039 1130 2077 Nondum
1163 2037 1341 2087 perierat,
1372 2038 1493 2084 credo,
1522 2038 1588 2075 sed
1621 2038 1701 2075 sive

245 2106 438 2155 neglectus
468 2104 547 2142 sive
578 2104 777 2153 ignoratus
808 2103 952 2140 latebat
984 2116 1104 2152 paene
1134 2116 1273 2140 omnes.
1332 2103 1464 2140 Unum
1493 2103 1703 2141 alterumve

245 2184 331 2208 cum
361 2170 522 2220 excipio,
547 2169 807 2219 Hippolytum
837 2168 868 2205 si
897 2182 1009 2218 quem
1039 2168 1159 2205 alium
1188 2171 1388 2217 exceptum
1415 2167 1542 2215 velim,
1563 2168 1704 2218 quippe

246 2236 313 2286 qui
355 2239 415 2273 tot
459 2238 538 2272 tam
581 2234 723 2271 eximia
767 2234 981 2284 fragmenta
1023 2236 1134 2270 tanta
1180 2233 1255 2270 fide
1301 2233 1603 2271 conservaverit:
1657 2233 1705 2270 de

291 2355 314 2373 ¹⁰
330 2355 559 2386 Heracliteum
571 2353 664 2394 κόρον
680 2354 735 2385 alii
747 2365 805 2395 per
815 2353 965 2393 κάθαρσιν
978 2354 1075 2394 (conf.
1087 2354 1174 2384 Plat.
1186 2353 1273 2384 Crat.
1287 2352 1348 2395 396
1361 2354 1389 2384 B
1403 2357 1436 2384 et
1446 2353 1561 2385 Stallb.
1575 2354 1617 2384 ad
1628 2354 1707 2393 loc.)

247 2407 304 2437 alii
320 2417 380 2447 per
396 2405 572 2445 ἐκπύρωσιν
585 2406 891 2446 interpretabantur
907 2417 912 2436 :
938 2406 1088 2446 exempla
1103 2405 1204 2435 habes
1216 2406 1390 2446 utriusque
1406 2405 1453 2436 rei
1466 2405 1499 2435 in
1512 2405 1709 2436 testimoniis

249 2462 290 2491 ad
305 2461 343 2491 fr.
360 2460 498 2491 XXIV.
519 2464 553 2491 et
575 2460 744 2491 CXVIII.
760 2472 766 2497 ;
790 2460 986 2500 quibuscum
1005 2460 1115 2490 confer
1130 2459 1305 2500 Hippolyt.
1322 2459 1395 2491 Ref.
1412 2459 1499 2489 haer.
1517 2459 1538 2489 i.
1556 2469 1583 2489 c.
1602 2468 1637 2489 21
1658 2470 1709 2490 :—

250 2511 480 2553 προσδέχονται
499 2511 532 2542 δὲ
552 2513 635 2551 (scil.
652 2512 768 2551 Stoici)
788 2510 961 2552 ἐκπύρωσιν
982 2510 1110 2542 ἔσεσθαι
1128 2510 1179 2540 καῖ
1200 2509 1351 2551 κάθαρσιν
1372 2510 1430 2541 τοῦ
1451 2510 1571 2548 κόσμου
1588 2509 1713 2546 τούτου,

250 2564 278 2593 οἱ
301 2563 359 2602 μὲν
383 2563 508 2598 παντός,
526 2563 554 2593 οἷ
578 2562 611 2593 δὲ
635 2562 758 2602 μέρους.
789 2562 840 2593 καὶ
861 2562 944 2592 κατὰ
967 2562 1060 2602 μέρος
1082 2561 1115 2592 δὲ
1139 2561 1236 2592 αὐτὸν
1253 2561 1451 2602 καθαίρεσθαι
1473 2561 1638 2601 λέγουσιν,
1661 2561 1713 2593 καὶ

251 2613 371 2654 σχεδὸν
402 2614 462 2653 τὴν
493 2613 613 2653 φθορὰν
643 2613 695 2644 καὶ
725 2613 786 2653 τὴν
817 2613 927 2654 ἑτέρου
959 2614 991 2653 ἐξ
1022 2613 1120 2651 αὐτῆς
1150 2612 1279 2652 ’γένεσιν
1309 2613 1458 2653 κάθαρσιν
1495 2612 1712 2652 ὀνομάζουσιν.

252 2666 407 2696 Ionismis
424 2669 537 2696 autem
554 2666 720 2696 Lucianus
736 2666 858 2706 passim
882 2665 988 2696 utitur
1004 2675 1069 2695 non
1087 2675 1164 2695 vere
1182 2665 1382 2695 Heracliteis
1403 2665 1459 2695 sed
1476 2675 1496 2695 a
1511 2675 1545 2696 se
1560 2666 1714 2706 parodiae

253 2728 351 2747 causa
367 2717 497 2747 refictis.

298 2768 320 2785 ¹¹
344 2769 424 2799 Vid.
442 2769 546 2798 Lehrs
568 2768 608 2798 de
624 2768 812 2798 Aristarchi
835 2768 951 2799 studiis
975 2768 1170 2806 Homericis,
1188 2778 1218 2808 p.
1239 2777 1299 2809 199
1317 2768 1367 2799 ed.
1391 2769 1458 2804 alt„
1475 2768 1562 2799 Rose
1579 2769 1715 2799 Aristot,

255 2820 527 2861 pseudepigraph.
547 2831 576 2860 p.
600 2829 669 2859 149,
688 2820 793 2850 Cobet
809 2820 950 2850 Miscell.
968 2820 1048 2850 Crit.
1064 2831 1095 2860 p.
1116 2829 1186 2860 225.

299 2870 323 2887 ¹²
347 2870 550 2911 Porphyrius
573 2881 625 2911 ap.
650 2870 772 2901 Euseb.
797 2871 837 2902 P.
862 2871 901 2901 E.
926 2882 957 2900 x.
983 2879 1011 2910 3,
1036 2882 1067 2912 p.
1093 2872 1155 2911 468
1172 2869 1340 2902 ι-σπάνια
1366 2870 1399 2901 δὲ
1424 2870 1465 2901 τὰ
1487 2870 1550 2901 τῶν
1574 2869 1634 2911 πρὸ
1661 2871 1720 2901 τοῦ

255 2920 426 2952 Πλάτωνος
441 2920 626 2961 ’γεγονότων
642 2921 766 2956 βιβλία.
