1893 3230
764 238 869 267 ΠΕΡΙ
899 237 1080 270 ΦΥΣΕΩΣ.
1612 234 1655 268 11

845 351 1010 392 XXIV.

191 429 490 494 Χρησμοσύνη
517 466 756 478 .......
781 433 923 495 κόρος.

857 546 998 588 XXV.

191 627 255 689 Ζῇ
286 631 372 690 πῦρ
408 626 488 673 τὸν
521 633 600 687 ’γῆς
634 626 836 683 Θάνατον,
867 628 936 673 καὶ
971 628 1051 692 ἀὴρ
1089 626 1140 692 ζῇ
1177 629 1256 674 τὸν
1289 627 1422 692 πυρὸς
1459 627 1661 675 Θάνατον·

1004 702 1014 716 Χ
1070 702 1089 719 el

190 701 301 766 ὕδωρ
329 701 380 766 ζῇ
403 701 482 748 τὸν
507 702 632 766 ἀέρος
658 701 859 757 Θάνατον,
881 708 938 763 ’γῆ
963 724 1043 749 τον
1067 702 1237 753 υὸατος.

847 818 1014 861 XXVI.

195 897 359 945 Πάντα
385 898 441 946 τὸ
467 904 553 964 πῦρ
579 899 766 947 ἐπελθὸν
791 901 938 964 κρινέει
965 901 1032 946 καὶ
1058 899 1391 961 καταλήψεται.

199 1063 259 1099 13,
289 1063 326 1099 p.
357 1050 473 1101 676):
514 1051 604 1088 ὅπως
633 1053 669 1088 δέ
698 1054 802 1088 πάλιν
830 1053 1100 1098 ἇναλαμβάνεται
1129 1053 1182 1087 καὶ
1217 1052 1428 1097 ἐκπυροῦται,
1459 1052 1583 1097 σαφῶς
1611 1050 1666 1085 διὰ

192 1116 321 1152 τούτων
354 1117 463 1161 δηλοῖ·
522 1119 694 1152 Θάλασσα
733 1118 902 1164 διαχέεται
936 1118 989 1152 καὶ
1026 1119 1201 1164 μετρέεται
1239 1117 1286 1153 εἷς
1324 1119 1382 1151 τὸν
1420 1116 1523 1151 αὐτὸν
1560 1117 1667 1162 λόγον

193 1183 302 1218 ὁκοῖος
321 1182 475 1228 πρόσθεν
495 1180 534 1225 ἧν
552 1181 571 1226 ἢ
591 1182 750 1229 γενέσθαι
769 1184 824 1229 γῆ.
883 1184 1005 1228 ὁμοίως
1025 1183 1061 1218 δέ
1082 1183 1135 1217 καὶ
1153 1183 1231 1229 περὶ
1257 1185 1323 1217 τῶν
1347 1181 1463 1216 ἄλλων
1486 1178 1668 1226 στοιχείων

193 1247 236 1283 τὰ
254 1247 352 1283 αὐτά.
943 1275 947 1277 μ

248 1323 364 1348 XXIV.
395 1310 506 1348 Philo
533 1311 622 1361 Leg.
654 1311 764 1362 alleg.
796 1311 851 1349 iii.
883 1325 915 1361 3,
944 1326 979 1362 p.
1013 1314 1061 1349 88
1083 1309 1149 1362 (ad
1178 1311 1225 1348 fr.
1247 1310 1267 1347 Ι
1288 1309 1668 1361 cit.)—Hippolytus

194 1377 277 1416 Res.
307 1377 409 1415 haer.
440 1376 489 1414 ix.
527 1389 594 1414 10:
637 1378 732 1425 λέγει
762 1379 798 1413 δέ
827 1378 880 1413 καῖ
914 1380 1083 1425 φρόνιμον
1116 1381 1218 1413 τοῦτο
1249 1375 1334 1412 εἶναι
1362 1378 1401 1412 τὸ
1429 1379 1497 1423 πῦρ
1527 1377 1581 1411 καὶ
1609 1378 1668 1421 τῆς

165 1484 169 1487 .
193 1444 391 1490 διοικήσεως
409 1447 476 1479 τῶν
501 1444 590 1479 ὅλων
615 1442 732 1479 αἴτιον·
765 1446 860 1479 καλεῖ
886 1445 921 1478 δέ
949 1445 1031 1479 αὐτὸ
1059 1443 1306 1490 χρησμοσύνην
1335 1444 1388 1478 καὶ
1417 1444 1524 1490 κόρον.
1583 1457 1668 1489 χρη-

195 1509 351 1556 σμοσύνη
379 1509 418 1544 δέ
443 1510 538 1545 ἐστιν
557 1509 576 1553 ἡ
597 1510 819 1555 διακόσμησις
845 1508 914 1544 κατ’
936 1510 1046 1554 αὐτόν,
1069 1510 1087 1554 ἡ
1108 1511 1144 1544 δέ
1165 1508 1355 1556 ἐκπύρωσις
1383 1511 1492 1554 κόρος.
1550 1509 1668 1543 Πάντα

194 1577 271 1623 γάρ,
302 1575 403 1622 φησί,
433 1576 471 1610 τὸ
496 1577 564 1622 πῦρ
588 1575 732 1610 ἐπελθὸν
759 1577 863 1622 κρινεῖ
888 1575 941 1609 καὶ
967 1574 1201 1621 καταλήψεται
1226 1572 1286 1625 (fr.
1309 1570 1665 1622 XXVI)—Respic.

195 1639 312 1677 Philo
341 1639 388 1676 de
416 1638 573 1676 Victim.
601 1639 635 1685 6,
660 1652 696 1688 p.
723 1651 817 1685 242:
859 1640 877 1684 ἡ
908 1641 954 1677 εἷς
981 1640 1067 1686 μέλη
1095 1643 1155 1675 τοῦ
1185 1641 1270 1683 ζώου
1300 1639 1438 1683 διανομὴ
1468 1639 1567 1683 δηλοῖ
1594 1640 1668 1683 ἤτοι

197 1708 242 1743 ὡς
261 1704 297 1741 ἓν
315 1707 357 1741 τὰ
377 1707 495 1747 πάντα,
517 1705 535 1750 ἢ
556 1704 607 1740 ὅτι
626 1706 665 1750 ἐξ
686 1707 757 1742 ἑνός
776 1721 813 1740 τε
833 1707 886 1740 καὶ
907 1706 953 1742 εἷς
973 1706 1017 1747 ἕν,
1039 1705 1122 1752 ὅπερ
1143 1707 1174 1740 οἱ
1193 1707 1256 1750 μὲν
1275 1706 1373 1752 κόρον
1393 1705 1445 1739 καὶ
1463 1702 1667 1750 χρησμοσύ-

196 1787 254 1816 νην
281 1772 459 1816 ἐκάλεσαν,
481 1772 512 1806 οἱ
541 1771 576 1805 δέ
606 1770 797 1813 ἐκπύρωσιν
823 1772 877 1805 καὶ
897 1769 1405 1817 διακόσμησιν-ΡΙΠῒὶιΥΟῙΠΙΞ
1426 1768 1472 1805 de
1494 1768 1549 1804 EI
1572 1781 1605 1816 9,
1628 1780 1666 1817 p.

199 1838 299 1886 389:
330 1837 389 1872 οὐκ
416 1835 494 1873 'lo-os·
513 1838 531 1870 ὁ
551 1839 617 1871 τῶν
647 1837 813 1882 περιόδων
842 1837 876 1871 ἐν
903 1839 975 1873 ταῖς
1003 1838 1210 1882 μεταβολαῖς
1237 1838 1370 1883 χρόνος,
1391 1836 1482 1870 ἀλλὰ
1510 1835 1631 1880 μείζων
1649 1835 1668 1869 ὁ

194 1905 253 1949 τῆς
271 1903 399 1950 ἑτέρας,
420 1901 460 1947 ἣν
480 1904 580 1947 κόρον
599 1904 772 1946 καλοῦσιν,
796 1903 813 1936 ὁ
835 1902 870 1936 δὲ
890 1904 949 1946 τῆς
967 1901 1210 1949 χρησμοσύνης
1231 1903 1392 1937 ἐλάττων.

250 1978 344 2004 xxv.
376 1966 604 2004 Plutarchus
633 1966 680 2004 de
710 1962 773 2003 ΕΓ
802 1969 861 2012 18,
889 1980 926 2016 p.
960 1979 1034 2015 392
1067 1965 1280 2017 (=Euseb.
1313 1966 1354 2005 P.
1375 1965 1420 2002 E.
1450 1964 1503 2002 xi.
1540 1977 1600 2011 11,
1629 1977 1666 2014 p.

197 2031 309 2084 528):
354 2034 392 2069 οὐ
420 2034 486 2080 γὰρ
515 2036 626 2077 μόνον,
658 2034 703 2069 ὡς
730 2032 953 2079 Ἡράκλειτος
982 2034 1094 2080 ἔλεγε,
1122 2035 1229 2080 πυρὸς
1264 2033 1405 2068 θάνατος
1433 2032 1505 2079 ἀέρι
1533 2031 1669 2078 ’γένεσις

195 2101 249 2135 καὶ
268 2100 366 2147 ἀέρος
389 2099 529 2136 θάνατος
549 2098 644 2134 ὕδατι
664 2098 810 2145 γένεσις·
840 2097 918 2133 ἀλλ’
939 2099 987 2133 ἔτι
1017 2098 1236 2145 σαφέστερον
1264 2098 1315 2134 ἐπ’
1335 2098 1445 2133 αὐτῶν
1471 2097 1659 2142 <ἡμῶν>

193 2165 278 2202 ἰ’δοις
306 2163 514 2201 fin—Idem
541 2164 587 2201 de
613 2164 729 2202 Prim.
750 2163 837 2213 frig.
865 2176 923 2209 10,
945 2177 981 2213 p.
1005 2175 1099 2212 949:
1131 2165 1202 2199 ἐπεὶ
1231 2164 1267 2199 δὲ
1296 2164 1314 2209 ἡ
1344 2163 1462 2210 φθορὰ
1489 2162 1665 2208 μεταβολή

193 2232 245 2268 τίς
264 2232 340 2266 ἐστι
359 2234 426 2265 τῶν
452 2230 686 2277 φθειρομένων
705 2231 751 2267 εἷς
770 2230 964 2265 τούναντίον
989 2231 1132 2278 ἑκάστῳ,
1153 2233 1333 2274 σκοπῶμεν
1352 2229 1381 2264 εἷ
1400 2231 1510 2265 καλῶς
1539 2228 1666 2275 εἴρηται

195 2298 245 2341 τό,
267 2297 382 2342 Πυρὸς
410 2296 551 2331 θάνατος
579 2295 678 2341 ἀέρος
705 2293 950 2342 γένεσις-Μ.
971 2292 1198 2330 Antoninus
1218 2293 1266 2330 iv.
1293 2293 1362 2339 46:
1393 2294 1444 2328 ἀεὶ
1470 2296 1531 2328 τοῦ
1557 2293 1664 2340 ‘Hpa-

195 2361 360 2397 κλειτείου
394 2361 582 2406 μεμνῆσθαι
612 2361 664 2396 ὅτι
697 2362 759 2407 γῆς
792 2360 933 2396 θάνατος
966 2359 1057 2406 ὕδωρ
1090 2359 1251 2407 γενέσθαι
1284 2361 1337 2394 καὶ
1371 2358 1492 2395 ὕδατος
1525 2359 1666 2396 θάνατος

195 2427 278 2474 ἀέρα
310 2426 470 2475 γενέσθαι
503 2428 554 2461 καὶ
589 2426 687 2473 ἀέρος
714 2429 793 2472 πῦρ·
838 2427 891 2460 καὶ
920 2423 1314 2471 &namu—Maximus
1343 2424 1432 2473 Tyr.
1462 2423 1528 2461 xli.
1562 2436 1596 2470 4,
1626 2437 1652 2474 p

197 2493 296 2540 489:
326 2493 521 2539 μεταβολὴν
541 2495 622 2540 ὁρᾷς
641 2494 807 2536 σωμάτων
833 2494 886 2528 καὶ
911 2492 1078 2540 γενέσεως
1102 2491 1266 2539 ἀλλαγήν,
1288 2492 1367 2526 ὁδὸν
1391 2491 1457 2526 ἅνω
1484 2492 1537 2526 καὶ
1564 2492 1664 2535 κάτω,

195 2558 277 2594 κατὰ
297 2559 356 2593 τὸν
369 2557 603 2605 “Ηράκλειτον“
635 2558 688 2593 καὶ
707 2557 802 2594 αὖθις
817 2557 869 2593 αὖ·
901 2560 1025 2602 ζῶντας
1042 2559 1103 2604 μὲν
1122 2559 1180 2592 τὸν
1199 2558 1332 2592 ἐκείνων
1351 2557 1503 2599 θάνατον,
1518 2555 1665 2602 ἀποθνή-

196 2638 340 2659 σκοντας
359 2623 396 2658 δέ
414 2623 475 2669 τὴν
503 2623 635 2658 ἐκείνων
665 2622 750 2668 ζωήν
778 2621 894 2674 (=fr.
919 2621 1107 2673 LXVII).
1166 2625 1202 2668 ζῇ
1232 2626 1301 2670 πῦρ
1329 2623 1389 2657 τὸν
1416 2624 1478 2670 γῆς
1507 2622 1663 2663 θάνατον,

196 2689 249 2724 καὶ
267 2688 330 2735 ἀὴρ
350 2690 388 2733 ζῇ
408 2690 467 2724 τὸν
485 2690 592 2736 πυρὸς
612 2689 764 2724 θάνατον·
803 2688 894 2737 ὕδωρ
924 2691 961 2735 ζῇ
990 2691 1048 2725 τὸν
1075 2689 1173 2736 ἀέρος
1203 2689 1354 2733 θάνατον,
1373 2690 1417 2735 γῆ
1444 2690 1504 2723 τὸν
1531 2686 1663 2724 ὕδατος.

196 2754 356 2799 διαδοχὴν
392 2755 473 2799 ὁρᾷς
509 2755 588 2797 βίον
626 2755 679 2790 καὶ
716 2755 911 2800 μεταβολὴν
950 2755 1127 2801 σωμάτων,
1166 2753 1379 2801 καινουργίαν
1415 2756 1481 2788 τῶν
1517 2752 1663 2788 ὅλων-

197 2817 347 2866 Respic.
379 2817 661 2866 Pseudo-Linus
698 2831 742 2856 21
777 2818 979 2857 Mullach.:
1026 2821 1090 2855 ὧδε
1121 2821 1188 2867 γὰρ
1216 2820 1380 2855 ἀθάνατος
1413 2819 1556 2855 θάνατος
1586 2819 1665 2865 περὶ

198 2884 308 2920 πάντα
327 2884 500 2922 καλύπτει.

254 2959 369 2985 XXVI.
401 2947 642 2999 Hippolytus
671 2950 758 2988 Res.
788 2950 891 2990 haer.
911 2951 966 2988 ix.
994 2964 1041 2988 10
1062 2950 1127 3002 (ad
1148 2951 1194 2989 fr.
1216 2950 1355 2988 XXIV
1373 2947 1665 3001 eit.)—Respie.
