1893 3230
235 182 286 216 58
794 189 1006 218 APPENDIX
1027 203 1084 210 —
1106 191 1135 218 1.

233 306 426 351 μεταβολὴν
445 305 524 340 ὁδὸν
542 305 608 340 ἅνω
628 306 729 349 κάτω,
744 306 803 339 τόν
820 319 856 339 τε
876 307 1004 350 κόσμον
1021 307 1177 353 γίνεσθαι
1192 307 1274 341 κατὰ
1294 305 1425 351 ταύτην.
1468 304 1526 356 (9)
1545 307 1688 343 πυκνού·

201 399 204 401 .
232 384 333 414 μενον
350 371 416 416 γὰρ
429 371 469 404 τὸ
486 372 554 415 πῦρ
581 369 838 416 ἐξυγραίνεσθαι
865 372 1110 416 συνιστάμενόν
1127 387 1163 406 τε
1189 370 1342 418 γίνεσθαι
1362 370 1460 418 ὕδωρ,
1481 372 1690 418 πηγνύμενον

233 436 270 469 δὲ
297 436 336 470 τὸ
364 434 453 481 ὕδωρ
481 435 528 471 εἷς
554 436 618 481 γῆν
645 434 840 481 τρέπεσθαι·
870 437 923 471 καὶ
948 436 1070 482 ταύτην
1098 437 1178 472 ὁδὸν
1206 437 1260 472 ἐπὶ
1288 437 1327 472 τὸ
1355 438 1442 472 κάτω
1471 433 1554 473 εἶναι
1581 437 1686 484 λέγει·

233 501 337 535 πάλιν
353 514 390 534 τε
410 498 452 534 αὖ
470 500 530 544 τὴν
546 501 609 546 γῆν
627 500 775 546 χεῖσθαι,
796 501 834 544 ἐξ
854 500 893 546 ἦς
910 503 949 537 τὸ
969 500 1058 548 ὕδωρ
1076 502 1241 549 γίνεσθαι,
1263 502 1299 537 ἐκ
1319 502 1354 538 δὲ
1374 501 1496 537 τούτου
1513 503 1555 537 τὰ
1573 503 1687 547 λοιπά,

195 575 214 609 5
234 565 362 610 σχεδὸν
387 565 495 599 πάντα
523 564 577 599 ε’πὶ
604 564 664 609 τὴν
691 564 912 610 ἀναθυμίασιν
931 565 1061 612 ἀνάγων
1079 566 1138 610 τὴν
1165 566 1232 601 ἀπὸ
1259 567 1318 610 τῆς
1346 566 1521 611 θαλάττης·
1551 565 1633 611 αὕτη
1652 566 1692 601 δέ

235 628 331 662 ἐστιν
350 627 368 672 ἦ
388 628 443 664 ε’πὶ
461 629 500 663 τὸ
518 628 586 663 ἅνω
605 629 690 666 ὁδός.
749 627 903 676 γίνεσθαι
923 630 960 664 δὲ
979 630 1217 675 ἀναθυμιάσεις
1234 631 1301 666 ἀπό
1320 645 1356 665 τε
1375 632 1436 677 γῆς
1455 631 1508 666 καὶ
1524 630 1690 675 θαλάττης

234 692 274 728 ἃς
291 693 352 737 μὲν
369 694 527 739 λαμπρὰς
551 694 604 727 καὶ
630 693 786 739 καθαράς,
807 693 846 730 ἃς
872 695 908 729 δὲ
929 697 1111 731 σκοτεινάς.
1155 695 1318 739 αὔξεσθαι
1343 695 1381 729 δὲ
1399 695 1440 730 τὸ
1458 695 1520 740 μὲν
1537 697 1604 742 πῦρ
1624 695 1690 731 ὑπὸ

233 760 300 792 τῶν
317 759 491 803 λαμπρῶν,
511 758 551 792 τὸ
576 757 612 792 δέ
639 758 741 805 ὑγρὸν
767 759 832 793 ὑπὸ
851 762 919 793 τῶν
937 759 1067 804 ἑτέρων.
1140 760 1179 794 τὸ
1206 760 1241 794 δὲ
1267 760 1427 805 περιέχον
1451 760 1569 795 ὁποῖόν
1596 759 1692 794 ε’στιν

235 823 274 857 οὐ
302 822 414 866 δηλοῖ·
453 819 534 857 εἶναι
559 823 670 866 μέντοι
702 823 739 857 ἐν
765 824 853 871 αὐτῷ
879 825 1018 868 σκάφας
1045 823 1320 870 ἐπεστραμμένας
1350 825 1431 858 κατὰ
1460 825 1575 859 κοῖλον
1604 824 1691 870 πρὸς

177 900 216 922 ιο
236 886 329 931 ήμᾶς,
351 887 386 921 έν
412 884 464 922 αἷς
489 886 724 932 ἀθροιζομένας
752 888 812 923 τὰς
839 889 996 934 λαμπρὰς
1024 888 1262 933 ἀναθυμιάσεις
1290 888 1467 923 ἀποτελεῖν
1485 889 1631 935 φλόγας,
1651 887 1692 925 ἃς

234 949 316 987 εἶναι
349 953 390 986 τὰ
423 952 544 998 ἄστρα.
602 949 688 1002 (10)
717 954 956 999 λαμπροτάτην
987 953 1023 988 δὲ
1057 951 1138 988 εἶναι
1171 953 1232 998 τὴν
1263 956 1325 988 τοῦ
1358 951 1455 997 ἡλίου
1487 954 1606 999 φλόγα
1637 953 1691 988 καὶ

235 1018 451 1063 θερμοτάτην·
481 1018 522 1052 τὸ
547 1018 609 1063 μέν
633 1018 698 1064 γὰρ
725 1018 816 1052 ἅλλα
841 1018 953 1064 ἄστρα
978 1020 1097 1053 πλεῖον
1122 1019 1261 1064 ἀπέχειν
1279 1018 1345 1054 ἀπὸ
1363 1019 1425 1065 γῆς
1445 1019 1497 1053 καὶ
1517 1018 1571 1053 διὰ
1589 1021 1692 1054 τοῦτο

235 1081 334 1126 ἦττον
351 1083 496 1126 λάμπειν
515 1083 567 1117 καὶ
587 1083 735 1118 θάλπειν·
769 1083 830 1127 τὴν
848 1083 884 1117 δέ
911 1083 1056 1127 σελήνην
1081 1083 1349 1130 προσγειοτέραν
1367 1081 1474 1118 οὖσαν
1491 1083 1535 1129 μὴ
1557 1083 1613 1118 διὰ
1631 1085 1692 1119 τοῦ

235 1147 381 1194 καθαροῦ
399 1147 568 1194 φέρεσθαι
586 1151 702 1183 τόπου·
733 1149 791 1183 τὸν
814 1148 927 1193 μέντοι
952 1149 1050 1193 ἥλιον
1075 1149 1110 1184 ἐν
1128 1149 1258 1196 διαυγεῖ
1277 1149 1330 1183 καὶ
1357 1148 1470 1195 ἀμιγεῖ
1487 1148 1619 1184 κεῖσθαι
1637 1149 1691 1183 καὶ

175 1224 214 1258 15
236 1211 428 1258 σύμμετρον
454 1211 515 1258 ἀφ’
549 1212 641 1257 ἡμῶν
668 1213 759 1258 ἔχειν
786 1213 963 1257 διάστημα·
1006 1213 1177 1260 τοιγάρτοι
1202 1215 1334 1258 μᾶλλον
1359 1213 1546 1258 θερμαίνειν
1572 1227 1609 1248 τε
1637 1214 1691 1248 καὶ

233 1278 402 1324 φωτίζειν.
472 1277 639 1312 ἐκλείπειν
663 1292 699 1312 τε
726 1278 823 1321 ἥλιον
848 1279 900 1312 καὶ
928 1277 1073 1322 σελήνην
1098 1277 1164 1313 ι’ίνω
1185 1278 1426 1324 στρεφομένων
1450 1280 1517 1313 τῶν
1535 1278 1690 1323 σκαφῶν·

233 1341 311 1378 τούς
329 1357 365 1378 τε
386 1343 467 1377 κατὰ
486 1344 570 1387 μῆνα
588 1344 647 1387 τῆς
666 1342 808 1387 σελήνης
833 1345 1094 1390 σχηματισμοὺς
1120 1344 1274 1391 γίνεσθαι
1301 1343 1535 1389 στρεφομένης
1553 1343 1589 1378 ἐν
1606 1343 1689 1388 αὐτῇ

234 1407 315 1441 κατὰ
335 1407 452 1453 μικρὸν
475 1408 532 1451 τῆς
559 1407 702 1452 σκάφης.
762 1407 886 1454 ἡμέραν
911 1423 947 1443 τε
968 1410 1021 1443 καὶ
1045 1408 1143 1444 νύκτα
1163 1408 1318 1455 γίνεσθαι
1338 1409 1390 1442 καὶ
1408 1409 1511 1452 μῆνας
1529 1408 1582 1443 καὶ
1601 1408 1690 1454 ὥρας

236 1471 362 1507 ε’τείους
381 1473 433 1506 καὶ
453 1471 621 1508 ε’νιαυτοῦς
646 1471 761 1508 ὑετούς
787 1487 823 1507 τε
852 1474 904 1507 καὶ
924 1473 1094 1518 πνεύματα
1122 1474 1174 1508 καὶ
1203 1473 1244 1507 τὰ
1264 1471 1396 1508 τούτοις
1414 1472 1511 1517 ὅμοια
1531 1472 1613 1507 κατὰ
1630 1472 1690 1509 τὰς

177 1550 216 1573 20
236 1536 422 1583 διαφόρους
450 1536 695 1581 ἀναθυμιάσεις.
771 1539 807 1582 (1
822 1538 857 1583 1)
885 1538 944 1582 τὴν
969 1539 1030 1582 μὲν
1048 1539 1114 1584 γὰρ
1134 1539 1294 1584 λαμπρὰν
1312 1537 1532 1582 ἀναθυμίασιν
1550 1538 1692 1584 φλογω-

236 1601 355 1636 θεῖσαν
373 1602 408 1636 ε“ν
426 1604 473 1650 τῷ
496 1601 606 1650 κύκλῳ
624 1605 684 1637 τοῦ
710 1603 808 1646 ἡλίου
834 1602 959 1649 ἡμέραν
976 1605 1093 1646 ποιεῖν,
1114 1603 1175 1647 τὴν
1194 1603 1230 1637 δέ
1250 1602 1401 1638 ε’ναντίαν
1419 1601 1693 1649 ἐπικρατήσασαν

235 1665 334 1701 νύκτα
353 1667 544 1702 ἀποτελεῖν·
566 1668 618 1702 καὶ
637 1668 673 1702 ἐκ
691 1668 752 1712 μέν
766 1669 827 1702 τοῦ
847 1669 1005 1714 λαμπροῦ
1023 1669 1062 1702 τὸ
1084 1667 1207 1714 θερμὸν
1221 1668 1444 1712 αὐξανόμενον
1463 1667 1560 1713 θέρος
1573 1667 1691 1711 ποιεῖν,

235 1731 270 1765 ἐκ
297 1731 333 1766 δὲ
358 1735 418 1766 τοῦ
444 1735 618 1768 σκοτεινοῦ
643 1734 682 1768 τὸ
710 1734 813 1780 ι’νγρὸν
837 1734 1022 1777 πλεονάζον
1047 1736 1194 1779 χειμῶνα
1213 1732 1472 1779 ἀπεργάζεσθαι·
1500 1729 1694 1768 ἀκολούθως

235 1796 270 1830 δέ
290 1797 422 1834 τούτοις
441 1798 493 1832 καὶ
511 1799 588 1845 περὶ
603 1801 669 1833 τῶν
683 1798 799 1833 ἄλλων
813 1798 1005 1844 αἰτιολογεῖ.
1053 1799 1130 1843 περὶ
1150 1798 1185 1832 δὲ
1201 1799 1258 1842 τῆς
1276 1799 1338 1844 γῆς
1356 1797 1453 1832 οὐδὲν
1470 1796 1692 1843 ἀποφαίνεται

178 1872 214 1904 25
234 1862 315 1896 ποία
344 1863 396 1898 τίς
424 1864 527 1907 ἐστιν,
558 1862 635 1896 ἀλλ’
655 1863 731 1897 οὐδὲ
759 1864 835 1908 περὶ
863 1866 929 1897 τῶν
957 1864 1112 1909 σκαφῶν.
1169 1864 1221 1897 καὶ
1249 1865 1354 1897 ταῦτα
1381 1862 1443 1907 μὲν
1471 1860 1510 1905 ἦν
1537 1861 1626 1909 αὐτῷ
1650 1861 1692 1896 τὰ

235 1927 403 1962 δοκοῦντα.
461 1928 503 1961 τὰ
531 1928 566 1962 δέ
595 1928 672 1973 περὶ
701 1929 896 1974 Σωκράτους
925 1928 978 1962 καὶ
1006 1927 1073 1962 ὅσα
1101 1927 1250 1973 ἐντυχὼν
1267 1929 1314 1975 τῷ
1333 1928 1571 1973 συγγράμματι
1590 1923 1689 1967 εἴποι,

235 1992 433 2036 κομίσαντος
449 1990 640 2038 Εὐριπίδου,
655 1993 737 2027 καθά
758 1996 868 2038 φησιν
882 1992 1060 2039 Ἀρίστων,
1082 1992 1118 2027 ε“ν
1136 1995 1182 2041 τῷ
1197 1993 1275 2037 περὶ
1294 1993 1488 2038 Σωκράτους
1505 1990 1691 2038 εἷρήκαμεν.

238 2056 324 2101 (12)
357 2057 519 2093 Σέλευκος
546 2057 657 2102 μέντοι
687 2058 797 2103 φησὶν
824 2060 843 2092 ὁ
870 2058 1097 2104 γραμματικὸς
1126 2058 1281 2102 Κρότωνά
1308 2071 1380 2092 τινα
1408 2057 1558 2103 ἱστορεῖν
1584 2055 1620 2091 ε’ν
1643 2057 1692 2104 τῷ

236 2123 536 2166 Κατακολυμβητῇ,
558 2123 710 2168 Κράτητά
740 2137 811 2157 τινα
840 2125 972 2168 πρῶτον
1000 2123 1046 2158 εἷς
1074 2123 1134 2167 τὴν
1151 2122 1301 2156 Ἐλλάδα
1321 2122 1458 2166 κομίσαι
1476 2122 1515 2156 τὸ
1539 2120 1691 2162 βιβλίον.

174 2195 216 2227 3ο
235 2184 273 2220 ὃν
305 2187 357 2220 καὶ
386 2186 491 2221 εἰπεῖν
520 2187 648 2230 Δηλίου
681 2188 770 2223 τινὸς
798 2187 932 2222 δεῖσθαι
961 2188 1177 2231 κολυμβητοῦ
1211 2186 1247 2223 ὃς
1277 2187 1336 2221 οὐκ
1364 2184 1630 2232 ἀποπνιγήσεται
1657 2184 1693 2220 έν

233 2251 334 2298 αὐτῷ.
391 2250 623 2296 ἐπιγράφουσι
644 2251 680 2285 δέ
700 2252 780 2287 αὐτὸ
801 2252 832 2285 οἱ
850 2251 911 2295 μὲν
930 2250 1084 2293 Μούσας,
1104 2253 1134 2286 οἱ
1154 2251 1189 2286 δὲ
1208 2253 1285 2298 περὶ
1304 2251 1455 2298 φύσεως,
1477 2250 1637 2287 Διόδοτος
1654 2249 1691 2285 δὲ

610 2317 747 2364 ἀκριβὲς
768 2318 927 2362 οἰάκισμα
947 2320 1032 2364 πρὸς
1051 2319 1205 2362 στάθμην
1223 2318 1313 2362 βίου,

283 2421 295 2442 1
315 2413 504 2451 μεταβολὴν
520 2423 584 2444 om.
609 2413 638 2444 L
684 2417 696 2450 11
744 2421 762 2453 3
779 2413 869 2453 λέγει
895 2413 924 2444 L
941 2413 1036 2446 Cob.:
1061 2424 1124 2445 om.
1140 2414 1228 2455 vulg.
1279 2417 1291 2451 11
1337 2423 1359 2452 ⁴
1373 2412 1414 2445 αὖ
1435 2412 1569 2454 scripsi:
1591 2411 1692 2452 αὐτὴν

235 2465 324 2506 vulg.
350 2469 362 2502 11
397 2475 414 2506 5
433 2465 535 2496 πάντα
551 2477 614 2497 om.
631 2466 735 2498 ACM
752 2467 808 2499 Fr.
841 2471 853 2504 ΙΙ
889 2465 939 2497 ἐπὶ
954 2465 1032 2507 τὴν]
1051 2465 1099 2497 ἐπὶ
1115 2466 1144 2498 L
1160 2477 1169 2498 ε
1191 2465 1241 2497 ἐπὶ
1258 2465 1318 2505 τὴν
1333 2464 1539 2504 ἀναθυμίασιν
1553 2475 1618 2496 om.
1634 2465 1691 2499 Pr.

239 2521 252 2554 11
271 2515 359 2556 ἄγων
375 2517 431 2548 Fr.
465 2522 477 2555 11
514 2517 576 2557 5-6
599 2517 680 2557 αὕτη
699 2540 707 2547 .
725 2541 732 2548 .
749 2543 756 2550 .
776 2542 782 2550 .
799 2516 962 2557 θαλάττηι
977 2528 1040 2549 om.
1057 2519 1090 2548 A
1121 2522 1134 2554 11
1169 2524 1185 2558 7
1201 2516 1263 2548 ἀπὸ
1279 2518 1305 2549 C
1341 2522 1353 2556 11
1391 2526 1430 2548 ιο
1445 2515 1643 2558 ἀθριζομέναι
1657 2518 1691 2549 A

239 2571 252 2605 11
273 2576 311 2608 13
329 2567 378 2598 διὰ
394 2567 453 2598 τοῦ
473 2579 536 2600 om.
553 2569 609 2600 Fr.
657 2573 670 2606 11
720 2579 759 2610 14
775 2569 887 2610 διαυγῆ
903 2569 956 2601 καὶ
978 2569 1078 2610 ἀμιγῆ
1094 2570 1121 2602 C
1137 2570 1194 2602 Fr.
1241 2574 1253 2608 11
1300 2571 1375 2601 fort.
1391 2570 1541 2601 κινεῖσθαι
1589 2572 1602 2607 ΙΙ
1651 2570 1691 2602 18

236 2618 368 2658 σκάφειε
382 2620 415 2650 A
450 2622 464 2659 11
501 2628 539 2661 19
557 2619 677 2650 ἐτείους
696 2620 726 2651 Α
746 2620 792 2652 St.
811 2621 883 2653 Cob.
900 2631 906 2652 :
931 2632 995 2652 om.
1014 2622 1088 2653 Fu:
1114 2620 1214 2652 ε’τίους
1230 2621 1256 2653 C
1273 2633 1278 2652 :
1302 2620 1418 2652 αἷτίους
1439 2621 1522 2653 LN:
1544 2619 1635 2653 ἔτους
1649 2621 1691 2653 Μ

237 2673 250 2707 11
268 2669 324 2700 τὰς
339 2680 402 2700 om.
420 2670 446 2701 C
487 2673 499 2708 ΙΙ
541 2680 575 2701 21
597 2670 835 2711 ἔπικρατήσασα
851 2672 880 2703 L
920 2675 932 2709 11
975 2682 1013 2703 22
1030 2672 1187 2703 ἀποτελεῖ
1198 2673 1226 2704 L
1266 2677 1278 2710 11
1322 2683 1337 2704 2
1343 2683 1361 2713 3
1385 2670 1636 2714 ὑπερπλεονάξον
1649 2672 1690 2704 Μ

239 2727 252 2761 11
271 2722 508 2763 ἀπεργάσασθαι
527 2723 555 2754 L
603 2727 614 2761 11
661 2723 839 2755 ἀκολούθως
863 2722 913 2765 δὲ]
939 2723 971 2754 δὲ
988 2735 1049 2755 om.
1067 2726 1099 2756 A
1148 2728 1160 2762 11
1210 2735 1249 2766 ²4
1271 2724 1394 2756 τούτων
1410 2725 1450 2756 Μ
1496 2728 1509 2763 ΙΙ
1553 2723 1690 2756 ἀλωνΑ

237 2777 250 2811 ΙΙ
272 2783 309 2815 25
327 2773 400 2805 ποία
418 2773 465 2806 τίς
485 2775 575 2806 ἐστιν
590 2774 667 2816 ἀλλ’
683 2774 771 2816 οὐδὲ]
789 2775 840 2806 καὶ
859 2776 886 2806 L
911 2780 923 2812 ΙΙ
948 2774 987 2815 ἦν
1004 2776 1032 2807 L
1055 2776 1147 2808 Cob.:
1171 2774 1249 2808 εἶναι
1267 2777 1358 2819 vulg.
1383 2780 1396 2814 11
1425 2782 1463 2817 ²7
1487 2774 1634 2817 στράτων
1647 2774 1688 2807 Μ

238 2829 250 2863 ΙΙ
271 2826 309 2857 28
325 2837 398 2857 τινα
413 2837 476 2857 om.
492 2826 566 2857 AM
616 2831 628 2865 11
680 2836 720 2866 30
737 2826 773 2858 ὃν
788 2827 844 2858 Fr.
860 2827 907 2859 St.
927 2828 999 2859 Cob.
1015 2840 1020 2859 :
1044 2839 1106 2859 om.
1123 2829 1248 2861 codices
1294 2833 1307 2867 ΙΙ
1356 2838 1392 2869 31
1410 2827 1506 2870 αὐτὸ]
1522 2828 1608 2870 αὐτῷ
1622 2827 1688 2860 AL

237 2880 249 2914 11
271 2887 308 2917 32
327 2876 498 2916 οἰάσκισμα
513 2878 588 2909 MN
616 2882 628 2915 11
654 2877 795 2917 σταθμὸν
812 2879 1036 2911 Buttmannus
1055 2880 1127 2912 Cob.
