1893 3230
226 245 271 279 16
709 247 989 276 HPAKAEITOY
1019 247 1207 276 ΕΦΕΣΙΟΥ

848 393 1058 435 XXXIX.

224 484 297 530 Τὰ
329 483 489 548 ψυχρὰ
522 485 709 548 Θέρεται,
735 484 894 549 Θερμὸν
929 484 1146 549 ψύχεται,
1170 485 1305 548 ὑγρὸν
1329 486 1560 542 αὕαίνεται,
1583 507 1688 549 καρ-

224 561 391 622 φαλέον
418 558 649 623 νοτίζεται.

906 642 997 684 XL.

223 733 424 787 Σκίὸνησι
449 734 517 778 καὶ
544 732 732 793 συνάγει,
759 734 965 797 πρόσεισι
991 735 1059 779 καὶ
1085 734 1249 780 ἄπεισι.

897 848 1017 890 XLI.

224 941 484 995 Ποταμοῖσι
522 940 581 989 δὶς
616 947 736 986 τοῖσι
780 941 950 986 αὐτοῖσι
988 942 1059 986 οὐκ
1100 939 1150 987 ἂν
1186 943 1381 999 ἐμβαίης·
1430 944 1558 1006 ἕτερα
1595 940 1685 1004 γὰρ

344 1016 355 1032 ἱ
393 1017 414 1033 e!
632 1017 641 1029 ⁹
764 1015 774 1031 t
846 1015 865 1031 el

236 1034 356 1065 <και
392 1028 573 1078 crepa>
622 1036 808 1078 επιρρεει
844 1015 994 1062 υὸατα.

279 1205 423 1231 XXXIX.
454 1193 578 1231 Sohol.
603 1192 762 1230 Tzetzae
790 1193 839 1230 ad
868 1192 991 1242 Exeg.
1023 1193 1064 1230 in
1093 1192 1207 1231 Iliad.
1237 1207 1272 1243 p.
1300 1195 1372 1231 126
1396 1193 1632 1232 Hermann:
1669 1197 1688 1230 ὁ

223 1262 365 1296 παλαιὸς
384 1258 679 1306 γὰρἯράκλειτος
699 1262 717 1294 ὁ
735 1258 901 1306 Ἐφέσιος
920 1259 1072 1294 ἐκαλεῖτο
1096 1260 1204 1296 δεινὸς
1227 1261 1282 1295 διὰ
1302 1261 1341 1295 τὸ
1360 1264 1427 1295 τῶν
1446 1262 1559 1307 λόγων
1578 1261 1682 1295 αὐτοῦ

224 1324 405 1361 σκοτεινόν·
443 1325 492 1359 Τὰ
510 1325 634 1370 ψυχρὰ
652 1325 795 1371 θέρεται,
816 1324 939 1370 θερμὸν
957 1324 1122 1370 ψύχεται,
1144 1325 1163 1359 ὑ
1193 1353 1200 1360 .
1233 1352 1240 1360 .
1273 1352 1280 1360 .
1311 1353 1317 1360 .
1352 1326 1530 1370 αὐαίνεται,
1552 1328 1685 1372 καρφα-

221 1392 301 1426 λεόν
329 1389 455 1434 νοτίζετ
483 1418 491 1427 .
523 1419 529 1426 .
562 1419 568 1425 .
601 1388 773 1426 .—Conf.
804 1388 1061 1438 Hippocrates
1089 1392 1166 1437 περὶ
1196 1391 1320 1435 διαίτης
1348 1389 1373 1428 i,
1405 1403 1468 1429 21:
1508 1391 1546 1435 ἐξ
1574 1392 1687 1438 ὑγρῶν

224 1458 310 1503 ξηρὰ
338 1456 507 1491 ποιέοντες
540 1453 593 1490 καὶ
626 1455 661 1489 ἐκ
693 1458 759 1489 τῶν
791 1455 901 1501 ξηρῶν
927 1453 1457 1502 {lypd—pseudo-Heraclibus
1486 1454 1610 1503 Epist.
1640 1466 1685 1491 v:

224 1523 276 1556 καὶ
296 1522 331 1555 ἐν
350 1524 397 1569 τῷ
417 1521 516 1556 παντὶ
536 1520 621 1566 ὑγρὰ
641 1518 818 1563 αὐαίνεται,
837 1520 942 1566 θερμὰ
962 1518 1363 1569 ψύχεται-ΑΡΠῙΘῘΠΞ
1383 1519 1430 1557 (Ie
1450 1519 1596 1557 Mundo
1616 1532 1634 1556 2
1646 1532 1683 1556 1:

224 1584 366 1622 umidis
385 1583 493 1621 arida
523 1613 529 1621 .
563 1612 571 1621 .
602 1612 609 1619 .
642 1611 650 1620 .
680 1582 892 1620 confundit.

278 1661 344 1688 XL.
386 1648 615 1686 Plutarchus
645 1647 692 1685 de
726 1647 782 1684 EI
819 1650 878 1693 18,
910 1661 946 1697 p.
980 1660 1054 1696 392
1092 1647 1157 1700 (ad
1189 1649 1235 1686 fr.
1267 1648 1361 1686 XLI
1395 1648 1689 1698 cit.)-Respic.

223 1713 605 1765 pseudo-Heraclium
637 1713 760 1763 Epist.
789 1713 848 1750 Vi:
890 1715 965 1752 θεὸς
994 1715 1029 1751 ἐν
1058 1716 1174 1764 κόσμῳ
1209 1717 1340 1762 μεγάλα
1373 1716 1514 1760 σώματα
1547 1713 1692 1762 ἶατρεῦει.

225 1783 393 1817 ἐπανισῶν
430 1782 537 1815 αὐτῶν
574 1781 614 1814 τὸ
651 1780 806 1826 ἄμετρον·
849 1780 891 1814 τὰ
924 1781 1137 1827 θρυπτόμενα
1175 1781 1332 1825 ἑνοποιεῖ,
1370 1781 1413 1815 τὰ
1451 1780 1688 1826 ὀλισθήσαντα

224 1846 382 1892 ὑποφθὰς
428 1845 543 1890 πιέζει,
582 1846 721 1891 συνάγει
758 1845 800 1878 τὰ
846 1845 1059 1890 σκιδνάμενα,
1098 1843 1276 1891 φαιδρύνει
1313 1846 1355 1880 τὰ
1399 1845 1532 1892 ἀπρεπῆ
1570 1843 1684 1896 (conf.

227 1909 547 1948 Schleiermacher
567 1922 603 1957 p.
627 1907 735 1957 358).

281 1985 363 2011 XLI.
392 1973 504 2011 Plato
525 1972 629 2011 Crat.
654 1973 802 2019 402A:
834 1973 927 2020 λέγει
955 1989 1021 2010 που
1040 1974 1261 2021 Ἡράκλειτος
1290 1975 1341 2010 ὅτι
1369 1977 1477 2011 πάντα
1503 1978 1611 2022 χωρεῖ
1637 1978 1691 2011 καὶ

227 2041 323 2076 οὐδὲν
342 2040 443 2085 μένει,
467 2041 519 2074 καὶ
547 2042 700 2084 ποταμοῦ
728 2039 790 2085 ῥοῇ
820 2039 1004 2083 ἀπεικάζων
1023 2040 1065 2074 τὰ
1085 2039 1164 2074 ὅντα
1192 2039 1286 2086 λέγει
1312 2041 1357 2076 ὡς
1386 2041 1436 2076 δὶς
1459 2041 1492 2077 ἐς
1517 2041 1576 2075 τὸν
1595 2042 1696 2076 αὐτὸν

226 2106 376 2150 ποταμὸν
405 2106 464 2140 οὐκ
493 2106 532 2139 ἂν
560 2101 995 2150 &fialas—Aristoteles
1024 2102 1193 2152 Metaph.
1224 2103 1276 2141 iv.
1308 2114 1342 2151 5,
1373 2117 1409 2153 p.
1439 2116 1542 2141 1010
1561 2118 1586 2142 a
1621 2117 1694 2153 13:

227 2169 402 2218 Κρατύλος
433 2199 439 2206 .
471 2199 477 2206 .
508 2199 515 2206 .
549 2197 558 2206 .
578 2169 788 2217 Ἡρακλείτῳ
818 2169 957 2214 ἐπετίμα
985 2169 1111 2205 εἷπόντι
1137 2169 1189 2204 ὅτι
1219 2170 1268 2205 δὶς
1297 2173 1344 2218 τῷ
1364 2171 1453 2219 αὐτῷ
1472 2173 1612 2219 ποταμῷ
1631 2172 1692 2206 οὐκ

227 2238 321 2272 ἔστιν
350 2235 502 2281 ἐμβῆναι“
541 2237 639 2272 αὐτὸς
666 2237 732 2282 γὰρ
761 2233 845 2283 ᾤετο
874 2234 943 2270 οὐδ’
963 2233 1341 2278 &wag—Plutarchus
1375 2233 1449 2282 Qu.
1478 2237 1557 2272 nat.
1590 2248 1622 2282 2,
1652 2247 1691 2284 p.

229 2314 329 2350 912:
360 2305 401 2338 τὰ
425 2304 491 2350 γὰρ
516 2304 642 2348 πηγαῖα
667 2303 719 2336 καὶ
741 2302 889 2346 ποτάμια
917 2302 1043 2346 νάματα
1066 2302 1254 2347 πρόσφατα
1276 2300 1338 2346 μέν
1363 2301 1440 2335 ἐστι
1466 2301 1519 2336 καὶ
1544 2303 1694 2348 νεογενῆ·

228 2371 411 2414 ποταμοῖσι
428 2369 494 2414 γὰρ
515 2368 564 2403 δὶς
583 2368 653 2402 τοῖς
672 2367 783 2401 αὐτοῖς
802 2367 862 2401 οὐκ
888 2366 928 2400 ἂν
947 2366 1098 2411 ἐμβαίης,
1119 2367 1164 2402 ὥς
1193 2367 1304 2412 φησιν
1320 2364 1551 2412 *Ηράκλειτον
1592 2365 1690 2412 ἕτερα

227 2436 293 2481 γὰρ
319 2435 449 2480 ἐπιρρεῖ
473 2430 744 2468 wara—Idem
773 2430 820 2467 de
849 2430 941 2467 Sera
970 2443 1072 2467 num.
1094 2429 1198 2467 vind.
1226 2439 1286 2477 15,
1307 2442 1343 2478 p.
1368 2438 1468 2478 559:
1498 2429 1691 2475 ἢλήσομεν

228 2501 274 2535 εἷς
299 2501 357 2533 τὸν
373 2498 628 2544 Ἡρακλείτειον
647 2497 775 2532 ἅπαντα
800 2497 980 2543 πράγματα
1006 2497 1158 2541 ποταμὸν
1177 2496 1393 2540 ἐμβαλόντες,
1415 2496 1462 2531 εἷς
1488 2494 1526 2530 ὃν
1545 2498 1586 2530 οὔ
1605 2502 1697 2542 φησι

231 2566 280 2601 δὶς
300 2571 335 2603 <
348 2561 430 2598 εἶναι
442 2571 477 2602 >
497 2563 650 2607 ἐμβῆναι,
671 2564 718 2609 τῷ
736 2562 845 2596 πάντα
871 2563 970 2595 κινεῖν
989 2559 1042 2596 καὶ
1064 2562 1232 2607 ἑτεροιοῦν
1250 2560 1310 2605 τὴν
1328 2559 1438 2606 φύσιν
1455 2561 1692 2605 μεταβάλλου-

231 2627 462 2663 ‹mv—Idem
491 2626 537 2663 de
567 2624 624 2661 EI
649 2627 706 2670 18,
728 2638 762 2674 p.
788 2637 889 2673 392:
928 2627 1068 2673 ποταμῷ
1096 2627 1162 2671 γὰρ
1191 2626 1250 2660 οὐκ
1278 2625 1371 2660 ἔστιν
1399 2626 1538 2670 ἐμβῆναι
1567 2626 1616 2662 δὶς
1643 2629 1692 2674 τῷ

230 2696 330 2741 αὐτῷ,
358 2693 428 2727 καθ’
452 2692 684 2737 Ἡράκλειτον,
716 2691 792 2725 οὐδὲ
822 2691 942 2735 θνητῆς
969 2691 1088 2727 οὐσίας
1116 2691 1166 2727 δὶς
1194 2690 1354 2737 ἅψασθαι
1384 2691 1467 2725 κατὰ
1496 2690 1576 2735 ἕξιν·
1615 2691 1696 2726 ἀλλ’

233 2758 368 2804 ὀξύτητι
391 2759 443 2792 καὶ
472 2758 567 2802 τάχει
595 2757 787 2801 μεταβολῆς
814 2756 972 2800 σκίδνησι
1000 2756 1054 2790 καὶ
1081 2756 1183 2791 πάλιν
1207 2756 1345 2802 συνάγει
1376 2754 1427 2805 (V.
1448 2755 1617 2805 Bernays
1646 2748 1705 2792 (le¹

233 2823 331 2872 Epp.
365 2820 550 2858 Heracliiz.
580 2833 615 2868 p.
649 2818 728 2869 55),
759 2822 891 2865 μᾶλλον
922 2821 958 2855 δέ
990 2821 1067 2855 οὐδὲ
1096 2822 1200 2856 πάλιν
1229 2821 1305 2855 οὐδὲ
1337 2820 1490 2867 ὕστερον,
1523 2821 1600 2856 ἀλλ’
1627 2822 1694 2867 ἅμα

234 2890 434 2925 συνίσταται
462 2889 514 2923 καὶ
540 2885 727 2928 ἀπολείπει,
757 2889 919 2933 πρόσεισι
948 2888 1000 2922 καὶ
1028 2884 1427 2935 Anam—Simplicius
1455 2885 1497 2922 in
1525 2885 1693 2924 Al'isssot.

235 2953 345 3002 Phys.
368 2953 391 2989 f.
413 2962 456 3000 17
473 2966 496 2989 α
513 2967 520 2988 :
552 2951 591 2997 ἣν
611 2950 705 3000 (scil.
726 2952 823 2998 ῥοὴν)
846 2954 864 2987 ὁ
883 2950 1105 2999 Ἡράκλειτος
1123 2952 1270 2997 ᾐνίξατο,
1293 2953 1346 2986 διὰ
1365 2955 1424 2987 τοῦ
1445 2952 1492 2988 εἷς
1517 2953 1577 2987 τὸν
1595 2953 1696 2987 αὐτὸν
