1893 3230
748 259 854 289 ΠΕΡΙ
882 257 1061 289 ΦΥΣΕΩΣ.
1591 248 1640 285 29

843 387 981 428 LXX.

178 470 311 521 Ξυνὸν
335 471 450 536 ἀρχὴ
474 470 542 516 καὶ
568 470 714 534 πέρας.

829 544 992 587 LXXI.

180 629 329 692 Ψυχῆς
353 627 542 691 πείρατα
567 627 639 673 οὔκ
662 624 714 672 (ἲν
738 625 926 689 ἐξεύροιο
952 626 1102 670 πᾶσαν
1125 622 1483 687 ἐπιπορευόμενος
1507 621 1620 668 ὁδόν.

822 751 1011 793 LXXII.

183 836 360 898 Ψυχῇσι
385 832 552 898 τέρψις
575 834 733 896 ὑγρῇσι
759 833 977 895 γενέσθαι.

809 959 1024 1001 LXXIII.

176 1041 304 1106 Ἀνὴρ
340 1043 460 1089 ὁκότ’
491 1041 542 1089 (ἲν
575 1044 780 1103 μεθυσθῇ,
814 1040 971 1102 ἄγεται
1008 1039 1091 1086 ὑπὸ
1122 1038 1274 1089 παιδὸς
1301 1039 1464 1096 ἆνῆβου
1499 1043 1653 1102 σφαλ-

186 1120 379 1172 λόμενος,
407 1119 478 1163 οὐκ
503 1116 658 1162 ἐπαΐων
683 1117 757 1171 &my
784 1118 938 1174 βαίνει,
965 1116 1097 1178 ὑγρὴν
1122 1116 1200 1168 τὴν
1226 1113 1377 1176 ψυχὴν
1401 1115 1522 1176 ἔχων.

243 1263 338 1289 LXX.
371 1251 609 1300 Porphyrius
636 1264 696 1300 ap.
728 1250 854 1288 Schol.
885 1250 999 1288 B..Il.
1027 1249 1104 1287 xiv.
1129 1262 1218 1295 200,
1239 1263 1275 1299 p.
1299 1262 1372 1297 392
1405 1248 1555 1286 Bekk.:
1596 1248 1656 1284 δύο

187 1319 254 1366 γὰρ
284 1319 390 1353 ὅντων
407 1319 563 1365 περάτων
581 1318 620 1352 τὸ
647 1318 709 1362 μέν
736 1317 832 1352 ἐστιν
857 1317 945 1364 ἀρχὴ
974 1317 1035 1363 ἀφ’
1057 1316 1107 1361 οὗ,
1128 1318 1167 1351 τὸ
1187 1317 1224 1351 δέ
1243 1316 1344 1352 τέλος
1362 1316 1410 1352 εἷς
1429 1316 1458 1351 ὅ·
1497 1316 1572 1350 ἔστι
1591 1316 1657 1362 γὰρ

189 1385 240 1420 ἐπ’
259 1385 371 1420 αὐτοῖς
397 1384 436 1419 τὸ
461 1383 565 1419 πόθεν
584 1385 654 1418 ποῖ·
691 1385 750 1427 τῆς
779 1383 815 1417 δέ
842 1382 923 1427 ὅλης
952 1385 1012 1417 τοῦ
1041 1381 1164 1417 κύκλου
1189 1382 1408 1429 περιφερείας
1437 1381 1545 1415 οὐκέτι
1569 1378 1655 1416 ἐστι’.

188 1452 257 1486 πᾶν
284 1451 349 1497 γὰρ
376 1448 394 1483 ὃ
417 1449 458 1484 ἄν
479 1463 529 1485 τις
555 1447 716 1493 ἐπινοήσῃ
743 1450 884 1492 σημεῖον
903 1447 990 1494 ἆρχὴ
1011 1463 1047 1483 τε
1068 1448 1121 1482 καὶ
1139 1447 1253 1494 πέρας·
1293 1447 1393 1491 ξυνὸν
1411 1447 1477 1493 γὰρ
1496 1446 1584 1492 ἀρχὴ
1605 1446 1658 1480 καὶ

191 1515 297 1563 πέρας
317 1516 370 1551 ε’πὶ
390 1514 513 1550 κύκλου
533 1512 761 1561 περιφερείας,
778 1515 860 1548 κατὰ
879 1510 1383 1560 τὸν“Ηράκλειτον--Β,88Ρὶο.
1399 1510 1487 1548 fort.
1506 1509 1657 1559 Hippo-

193 1582 316 1617 crates
344 1595 381 1616 π.
402 1582 514 1615 τόπων
540 1583 607 1614 τῶν
635 1580 705 1614 κατ’
735 1579 909 1624 ἄνθρωπον
933 1590 970 1624 1;
1010 1593 1046 1614 π.
1070 1578 1196 1622 διαίτης
1216 1576 1239 1614 ίζ
1268 1589 1341 1624 193
1379 1593 1416 1613 π.
1447 1577 1579 1623 τροφῆς
1609 1587 1659 1624 93

194 1644 306 1683 Philo
327 1645 417 1694 Leg.
440 1644 549 1693 alleg.
570 1643 594 1682 i.
618 1656 653 1691 3,
672 1656 709 1692 p.
731 1656 780 1690 44
799 1656 809 1689 3
839 1642 1072 1680 Plutarchus
1092 1642 1138 1679 de
1159 1641 1216 1679 EI
1238 1643 1274 1687 8,
1296 1654 1332 1690 p.
1357 1642 1447 1688 388.

249 1722 360 1748 LXXI.
393 1709 583 1759 Diogenes
602 1708 783 1746 Laertius
803 1708 853 1746 ix.
878 1717 923 1756 7:
954 1709 1048 1756 λέγει
1068 1709 1104 1744 δέ
1124 1709 1188 1743 καί·
1225 1710 1343 1754 Ψυχῆς
1368 1708 1511 1754 πείρατα
1536 1707 1596 1741 οὐκ
1623 1706 1663 1741 ἂν

195 1777 346 1822 ἐξεύροιο
365 1779 479 1812 πᾶσαν
504 1776 782 1822 ἐπιπορευόμενος
801 1775 890 1810 ὁδόν·
930 1773 1017 1809 οὕτω
1036 1774 1146 1816 ,Βαθὺν
1163 1775 1269 1820 λόγον
1287 1774 1366 1818 ἔχει.
1415 1772 1475 1817 τήν
1495 1787 1532 1806 τε
1552 1770 1665 1817 οἴησιν

196 1844 288 1890 ἱερὰν
308 1845 411 1878 νόσον
437 1839 617 1891 (Epicuri
639 1840 798 1876 fortasse
825 1838 1033 1889 sententia)
1059 1840 1159 1886 ἔλεγε
1180 1839 1233 1874 καὶ
1252 1839 1312 1883 τὴν
1330 1838 1451 1884 ὅρασιν
1470 1837 1665 1884 ψεύδεσθαι

196 1907 312 1959 (conf.
330 1906 375 1944 fr.
391 1904 789 1957 IV)—Tertullianus
809 1904 855 1942 de
875 1902 1022 1941 Anima
1041 1917 1059 1941 2
1079 1916 1085 1941 :
1116 1906 1227 1940 tanta
1247 1901 1458 1952 operositas
1478 1900 1666 1938 suadendi

197 1976 243 2011 ut
276 1970 415 2009 merito
451 1970 673 2008 Heraclitus
706 1967 775 2007 ille'
805 1969 1030 2007 tenebrosus
1063 1968 1249 2006 vastiores
1283 1966 1464 2017 caligines
1495 1966 1667 2004 animad-

198 2041 352 2075 vertens
371 2036 475 2087 apud
489 2036 770 2074 examinatores
789 2035 937 2072 animae
952 2034 1080 2072 taedio
1101 2033 1369 2084 quaestionum
1384 2031 1665 2082 pronuntiarit:

199 2103 400 2141 Terminos
438 2102 588 2140 animae
626 2115 871 2151 nequaquam
909 2100 1082 2138 invenies
1117 2097 1334 2153 [invenie-ns
1372 2098 1430 2136 ed.
1463 2097 1665 2148 princeps:

200 2169 392 2206 invenisse
412 2164 534 2219 vulg]
565 2180 719 2204 omnem
746 2166 850 2204 viam
879 2165 1299 2216 ingrediendo—Confi
1322 2164 1564 2214 Hippolytus
1584 2162 1668 2201 Ref.

200 2233 304 2271 haer.
323 2246 359 2270 V.
383 2241 430 2281 7:
473 2231 555 2269 εἶναι
584 2234 622 2268 δέ
648 2235 739 2280 φασι
759 2231 855 2284 (scil.
883 2230 1088 2282 Naasseni)
1114 2232 1174 2276 τὴν
1202 2232 1322 2278 ψυχὴν
1350 2229 1554 2277 δυσεῦρετον
1581 2232 1669 2265 πάνυ

202 2301 255 2335 καὶ
275 2301 553 2343 δυσκατανόητον·
591 2299 630 2333 οὐ
656 2298 721 2346 γὰρ
750 2299 840 2344 μένει
867 2299 922 2334 ε’πὶ
950 2297 1126 2344 σχήματος
1155 2298 1232 2332 οὐδὲ
1261 2298 1397 2344 μορφῆς
1424 2297 1483 2341 τῆς
1510 2296 1668 2340 αὐτῆς-

203 2363 343 2402 Sextus
363 2362 517 2400 Enchir.
542 2364 618 2411 386
639 2375 646 2400 z
685 2362 835 2400 animae
858 2361 1043 2412 sapientis
1062 2360 1370 2411 magnitudinem
1390 2373 1465 2397 non
1485 2359 1667 2407 invenies,

203 2429 304 2466 sicut
323 2441 392 2466 nec
411 2427 472 2466 dei
492 2428 660 2478 quidem.

258 2505 390 2531 LXXH.
421 2493 640 2530 Numenius
668 2506 730 2543 ap.
762 2492 947 2542 Porphyr.
979 2492 1025 2529 de
1053 2491 1180 2529 Antro
1208 2490 1366 2541 nymph.
1393 2503 1468 2528 10:
1510 2491 1588 2526 ὅθεν
1616 2489 1671 2526 καὶ

202 2561 428 2607 Ἠράκλειτον
466 2556 704 2611 [“Ηράκλειτος
741 2556 876 2610 vulgq]
915 2561 1066 2605 Ψυχῇσι,
1105 2559 1221 2604 φάναι,
1260 2558 1396 2604 τέρψιν,
1434 2557 1478 2602 μὴ
1517 2555 1669 2601 θάνατον,

206 2626 331 2673 ὑγρῇσι
352 2625 524 2672 γενέσθαι·
562 2625 687 2672 τερψιν
706 2626 741 2660 δέ
762 2622 845 2660 εἶναι
872 2640 987 2661 αυταις
1015 2624 1074 2669 τὴν
1100 2624 1147 2660 εἷς
1173 2624 1234 2668 τὴν
1261 2622 1395 2669 γένεσιν
1418 2626 1561 2657 πτῶσιν.
1619 2622 1672 2656 καὶ

206 2692 363 2738 ἀλλαχου
383 2692 419 2726 δε
439 2692 556 2738 φάναι·
596 2693 662 2736 Ζῆν
680 2691 766 2736 ἡμᾶς
784 2693 842 2726 τὸν
860 2692 993 2727 ἐκείνων
1012 2690 1165 2735 θάνατον,
1186 2690 1240 2725 καὶ
1261 2691 1317 2734 ζῆν
1336 2690 1459 2724 ἐκείνας
1479 2689 1538 2723 τὸν
1556 2687 1671 2732 ἡμέτε-

206 2771 267 2803 ρον
286 2757 428 2792 θάνατον
447 2753 563 2806 (=fr.
586 2755 771 2808 LXVII).

261 2831 407 2858 LXXIII.
447 2821 633 2859 Stobaeus
663 2821 794 2859 Floril.
822 2835 858 2859 v.
885 2819 1164 2870 120—Respic.
1196 2819 1284 2857 fort.
1306 2818 1360 2856 M.
1380 2816 1602 2856 Antoninus
1621 2816 1672 2855 iv.

212 2887 284 2932 46:
314 2887 501 2932 μεμνῆσθαι
520 2888 556 2922 δέ
576 2888 629 2922 καὶ
648 2890 708 2923 τοῦ
728 2888 1031 2933 ἐπιλανθανομένου
1051 2884 1072 2930 ᾗ
1092 2887 1111 2931 ἡ
1132 2887 1210 2922 ὁδὸς
1229 2885 1314 2933 ἄγει.

256 2993 350 3016 LXXI.
378 2996 409 3016 v.
426 2985 583 3027 Append.
601 2986 628 3016 I.
