1893 3230
231 248 280 283 36
711 251 994 280 ΗΡΑΚΛΕΙΤΟΥ
1022 252 1210 281 ΕΦΕΣΙΟΥ

838 395 1085 438 LXXXVI.

231 476 456 530 Γενόμενοι
492 475 612 541 ζώειν
646 477 845 522 ἐθέλουσι
880 477 1039 540 μόρους
1068 479 1107 522 τ’
1134 477 1261 538 ἔχειν·
1303 478 1478 529 μᾶλλον
1514 474 1558 521 δὲ
1589 475 1690 521 ἀνα-

229 551 457 606 παύεσθαι,
482 549 550 596 καὶ
575 550 730 600 παῖδας·
753 552 1070 597 καταλείπουσι
1094 551 1251 613 μόρους·
1276 551 1492 611 γενέσθαι.

825 681 1098 723 LXXXVII.

287 762 538 804 Plutarchus
573 764 623 804 de
654 763 776 805 Orac.
814 763 893 804 def.
929 777 996 813 ΙΙ,
1028 778 1068 817 p.
1104 773 1217 816 415:
1260 764 1297 803 οἱ
1331 764 1404 814 μὲν
1435 759 1690 814 (ίὴβῶντος”

229 832 564 885 ἀναγινώσκοντες
587 833 714 886 (apud
737 831 909 872 Hesiod.
932 831 981 872 fr.
1007 831 1058 871 16
1062 845 1086 886 3
1112 830 1366 885 Goebbling.)
1389 831 1455 882 ἔτη
1483 830 1691 881 τριάκοντα

228 902 384 942 ποιοῦσι
410 902 477 951 τὴν
504 902 646 953 γενεὰν
675 899 760 941 καθ’
785 898 1060 951 (Ηράκλειτον
1096 900 1137 940 ἐν
1165 898 1193 954 ᾧ
1223 900 1352 954 χρόνῳ
1374 901 1574 951 γεννῶντα
1593 914 1690 950 παρ-

230 968 312 1022 έχει
334 968 401 1009 τὸν
423 969 463 1019 ἐξ
485 968 603 1009 αὐτοῦ
625 967 912 1022 γεγεννημένον
935 969 954 1007 ὁ
975 966 1179 1020 γεννήσας.

812 1090 1113 1132 LXXXVIII.

286 1171 347 1213 Io.
371 1171 517 1226 Lydus
537 1171 586 1212 de
608 1170 829 1212 Mensibus
855 1171 913 1213 iii.
940 1184 1004 1221 10,
1027 1186 1067 1225 p.
1091 1183 1143 1226 37
1168 1171 1229 1213 ed.
1252 1171 1386 1211 Bonn.
1405 1185 1412 1210 :
1447 1171 1467 1210 ὁ
1488 1169 1691 1223 τριάκοντα

228 1241 389 1294 ἀριθμὸς
410 1242 679 1295 φυσικώτατός
702 1242 823 1281 ἐστιν·
857 1240 878 1281 ὃ
900 1243 973 1293 γὰρ
996 1242 1038 1281 ἐν
1057 1239 1200 1291 μονάσι
1221 1239 1338 1292 τριάς,
1361 1243 1473 1280 τοῦτο
1496 1241 1538 1280 ἐν
1558 1241 1691 1280 δεκᾶσι

227 1309 468 1363 τριακοντάς.
529 1310 614 1350 ἐπεὶ
636 1309 697 1350 καὶ
719 1311 739 1350 ὁ
761 1313 829 1350 τοῦ
850 1309 969 1361 μηνὸς
991 1310 1129 1352 κύκλος
1161 1308 1402 1359 συνέστηκεν
1423 1309 1463 1348 ἐκ
1484 1308 1691 1359 τεσσάρων

227 1438 288 1484 μὲν
322 1438 456 1472 αἰώνιον
489 1437 606 1482 βιοτὴν
635 1436 757 1472 δύναιτ’
787 1438 827 1472 ἂν
865 1435 959 1487 (scil.
996 1435 1087 1486 θεός)
1120 1438 1323 1483 παρασχεῖν·
1363 1436 1474 1472 νέκυες
1503 1436 1550 1480 δέ,
1581 1436 1691 1482 φησὶν

225 1502 459 1549 Ἡράκλειτος,
481 1503 627 1548 κοπρίων
645 1501 1115 1549 ἐκβλητότεροι-Ῑῑιῖἰῆὓιλε
1137 1500 1199 1538 Or.
1216 1500 1280 1542 vii,
1298 1514 1333 1549 p.
1352 1501 1426 1538 226
1443 1500 1490 1538 C:
1513 1502 1692 1548 ὀλιγωρεῖν

228 1568 264 1602 δέ
284 1567 391 1611 πάντη
412 1569 472 1601 τοῦ
492 1569 650 1611 σώματος
679 1568 731 1602 καὶ
760 1566 905 1611 νομίζειν
932 1568 1013 1602 αὐτὸ
1043 1568 1124 1601 κατὰ
1153 1567 1212 1602 τὸν
1229 1566 1453 1609 εΗράκλειτον
1472 1565 1618 1611 κοπρίων
1636 1566 1690 1601 ε’κ-

226 1630 708 1678 βλητότερον(ε(ἶει11’θῃη5
737 1630 845 1669 Hist.
867 1645 988 1681 comp.
1014 1640 1086 1679 157
1105 1631 1135 1669 C
1148 1644 1157 1677 ;
1189 1630 1328 1668 Suidas
1352 1643 1379 1667 s.
1397 1644 1432 1667 v.
1452 1629 1689 1680 Ἡράκλειτος)

225 1695 429 1745 —Respic.
453 1695 564 1733 Philo
584 1696 630 1733 de
652 1696 808 1746 Profug.
829 1696 869 1743 ii,
890 1710 927 1746 p.
950 1706 1026 1744 555
1045 1710 1052 1734 1
1092 1698 1233 1744 ἄψυχον
1253 1698 1306 1732 καὶ
1326 1698 1439 1744 νεκρὸν
1458 1697 1510 1731 καὶ
1533 1697 1688 1743 κοπρίων,

227 1763 272 1799 ὡς
302 1763 369 1808 ἔφη
403 1777 464 1807 τις,
497 1762 975 1809 ἐκβλητότερον-ΡῙΟΐῘΠΠΞ
1004 1762 1105 1799 ΕΗΒ.
1132 1775 1167 1800 V.
1194 1774 1224 1808 Ι,
1254 1775 1291 1811 p.
1323 1764 1423 1810 483:
1463 1764 1538 1797 ἔστι
1569 1763 1606 1797 δὲ
1637 1763 1690 1797 καὶ

226 1827 322 1872 ἥλιος
348 1827 435 1872 θεός,
456 1828 509 1862 ὅτι
535 1828 704 1874 ἔμψυχος,
727 1829 779 1863 καὶ
803 1829 845 1862 τὰ
871 1828 962 1862 ἄλλα
989 1828 1112 1874 ἷίστρα,
1133 1829 1186 1863 καὶ
1206 1828 1307 1873 ἡμεῖς,
1328 1827 1421 1874 ε’ίπερ
1440 1843 1483 1873 τι,
1505 1828 1558 1862 διὰ
1577 1830 1688 1863 τοῦτο·

226 1892 338 1928 νέκυες
365 1893 431 1938 γὰρ
461 1893 607 1937 κοπρίων
636 1891 1055 1939 ἐκβλητότεροι-ὃθῙΙΟῙ.
1077 1892 1124 1929 V.
1154 1892 1202 1929 ad
1231 1892 1279 1929 Il.
1310 1892 1415 1929 XXiV.
1451 1901 1513 1939 54,
1542 1905 1578 1941 p.
1610 1893 1688 1940 630

227 1955 350 1993 Bekk.
372 1954 622 2006 (=Eustath.
643 1957 692 1994 ad
712 1957 758 1993 Il.
781 1957 805 1994 1.
824 1957 859 2003 1.,
882 1970 917 2007 p.
946 1960 1058 2006 1338,
1083 1957 1172 2009 47):
1213 1958 1264 1994 ὅτι
1283 1959 1349 1994 ἀπὸ
1367 1961 1428 2005 γῆς
1453 1959 1492 1993 τὸ
1516 1962 1614 2004 σῶμα
1637 1959 1690 1993 καὶ

226 2021 279 2057 ὅτι
306 2022 396 2069 βαρὺ
425 2023 477 2057 καὶ
504 2023 638 2069 γεῶδες,
660 2024 703 2059 ὡς
727 2024 778 2058 καὶ
795 2023 1037 2069 Ἐμπεδοκλῆς·
1076 2025 1184 2060 νέκυες
1213 2025 1358 2070 κοπρίων
1386 2024 1691 2071 ἐκβλητότεροι.-

228 2085 338 2124 Conf.
359 2086 560 2136 Epictetus
581 2086 681 2124 Diss.
704 2086 744 2123 ii.
768 2100 802 2133 4,
827 2098 848 2135 5
867 2102 873 2124 :
906 2090 944 2124 οὐ
964 2090 1074 2126 θέλεις
1093 2088 1152 2124 οὖν
1168 2088 1333 2136 ῥιφθῆναί
1355 2104 1421 2124 που
1440 2090 1493 2124 καὶ
1512 2089 1612 2125 αὐτὸς
1636 2089 1691 2124 ἐπὶ

225 2152 378 2199 κοπρίαν,
402 2153 446 2188 ὡς
465 2155 584 2189 σκεῦος
603 2153 787 2199 ἄχρηστον,
809 2154 852 2190 ὡς
871 2156 1017 2201 κόπριον.

281 2227 449 2253 LXXXVI.
482 2216 658 2253 Clemens
686 2216 799 2255 Alex.
831 2218 973 2255 Strom.
1003 2218 1057 2256 iii.
1090 2232 1122 2267 3,
1153 2231 1187 2267 p.
1216 2220 1317 2265 516:
1360 2218 1580 2266 Ἡράκλειτος
1607 2220 1690 2266 γοῦν

226 2283 367 2326 κακίζων
385 2283 540 2328 φαίνεται
567 2283 627 2328 τὴν
645 2283 780 2330 ’γένεσιν
799 2284 911 2329 ἐπειδή
938 2286 1038 2331 φησι·
1077 2286 1251 2330 Γενόμενοι
1272 2286 1366 2328 ζώειν
1385 2284 1543 2319 ἐθέλουσι
1566 2285 1691 2330 μόρους

225 2347 254 2383 τ’
275 2348 374 2394 ἔχειν,
395 2350 529 2393 μᾶλλον
548 2349 583 2382 δέ
603 2348 843 2394 ἀναπαύεσθαι,
866 2352 919 2385 καὶ
939 2351 1059 2386 παῖδας
1078 2350 1320 2385 καταλείπουσι
1338 2351 1463 2397 μόρους
1482 2349 1651 2396 γενέσθαι.

281 2422 468 2448 LXXXVII.
501 2411 734 2449 Censorinus
754 2413 801 2450 de
821 2413 870 2450 D.
889 2414 939 2451 N.
961 2423 1005 2461 17
1027 2428 1033 2451 :
1064 2427 1181 2463 quare
1205 2413 1270 2463 qui
1290 2427 1409 2450 annos
1427 2413 1590 2462 triginta
1609 2425 1687 2449 sae-

227 2476 356 2513 culum
377 2479 565 2524 putarunt
585 2477 752 2513 multum
765 2477 946 2515 videntur
966 2491 1110 2515 errasse
1127 2493 1132 2515 :
1162 2478 1231 2515 hoe
1251 2478 1353 2515 enim
1372 2482 1523 2526 tempus
1542 2490 1688 2527 genean

225 2540 353 2578 vocari
386 2540 605 2577 Heraclitus
640 2546 775 2578 auctor
803 2547 871 2588 est,
901 2542 991 2592 quia
1023 2542 1125 2580 orbis
1154 2543 1290 2580 aetatis
1319 2542 1359 2578 in
1389 2555 1432 2579 eo
1460 2542 1509 2579 sii:
1538 2541 1685 2591 spatio:

227 2605 357 2641 orbem
387 2609 515 2641 autem
546 2610 658 2642 vocat
692 2606 840 2652 aetatis,
871 2607 963 2643 dum
997 2611 1137 2644 natura
1170 2608 1217 2644 ab
1247 2607 1407 2644 sementi
1441 2607 1608 2645 humana
1637 2607 1686 2644 ad

226 2668 430 2706 sementim
450 2670 822 2708 revertitur—Cous.
847 2672 1074 2710 Plutarchus
1095 2672 1196 2710 Plac.
1217 2672 1360 2709 Philos.
1383 2686 1418 2710 v.
1443 2685 1503 2719 24,
1524 2686 1560 2721 p.
1577 2685 1667 2721 909.

281 2734 716 2771 LXXXV111.=C1·ameri
732 2734 783 2773 A.
800 2735 844 2774 P.
861 2736 884 2782 i,
900 2750 936 2786 p.
957 2738 1188 2785 324—conf.
1204 2737 1311 2774 Philo
1327 2738 1374 2774 ad
1390 2737 1434 2774 fr.
1448 2736 1686 2774 LXXXIX
1707 2747 1709 2749 '

226 2797 531 2836 cin—Ceterum
564 2798 632 2836 hoe
667 2813 744 2837 non
774 2801 971 2839 Heraclito
1006 2803 1070 2840 sed
1105 2803 1233 2840 Stoico
1267 2803 1393 2841 nescio
1423 2803 1484 2841 cui
1516 2802 1687 2852 vestigiis

270 2922 415 2946 LXXXVI.
441 2914 624 2956 γενόμενοι]
651 2915 777 2947 ἐπειδὰν
798 2917 951 2958 ’γένωνται
970 2919 1121 2950 Mullach
1167 2923 1179 2961 ΙΙ
1198 2919 1325 2958 μᾶλλον
1347 2918 1380 2950 δὲ
1393 2919 1604 2951 ἀναπαύεσθαι
1621 2929 1686 2951 em-

226 2965 335 2997 blema
351 2976 420 2997 esse
436 2967 616 2998 Clementis
631 2968 715 3001 coni.
733 2969 883 3000 Mullach
931 2973 942 3007 ΙΙ
961 2970 1064 3011 μόρων
1079 2971 1227 3011 γενέσθαι
1246 2972 1407 3003 Mullach.
