1893 3230
739 185 950 215 APPENDIX
974 199 1027 204 —
1046 184 1096 213 11.
1596 175 1643 210 61

654 637 703 678 II
723 661 781 669 —
803 635 1189 678 HERACLITEA

285 775 340 804 Ex
373 762 676 814 HIPPOCRATIS,
709 774 829 814 QUEM
859 774 1036 812 VOCANT,
1069 773 1175 803 ΠΕΡΙ
1204 771 1385 802 ΔΙΑῙΤΙ-ΙΣ
1416 771 1498 802 LIB.
1529 771 1560 799 1.

233 976 390 1016 (Numeri
418 976 560 1008 Romani
587 976 733 1017 capitula
763 976 917 1008 editionis
948 976 1154 1008 Littreianae
1184 975 1342 1008 indicant.
1388 975 1431 1006 In
1457 976 1553 1006 textu
1580 984 1657 1005 con-

189 1027 359 1058 stituendo
383 1028 564 1059 Littreium
578 1028 646 1059 fere
663 1031 796 1059 secutus
812 1039 893 1066 sum,
912 1028 962 1059 ita
982 1031 1096 1059 tamen
1117 1031 1156 1058 ut
1175 1028 1273 1059 aliter
1287 1027 1457 1058 interdum
1473 1026 1655 1057 orationem

188 1080 438 1121 distinguerem,
460 1091 498 1111 ac
521 1081 651 1121 saepius
674 1081 794 1111 codicis
814 1080 1082 1111 Vindobonensis
1104 1080 1303 1121 scripturam
1326 1089 1526 1109 revocarem.
1574 1077 1657 1108 Gra-

188 1131 314 1162 viorem
337 1132 441 1162 nostri
466 1135 500 1162 et
523 1132 701 1163 Littreiani
727 1135 841 1163 textus
867 1132 1121 1172 discrepantiam
1149 1142 1279 1172 semper
1302 1131 1480 1167 adnotavi3
1513 1132 1657 1161 ceteram

188 1182 340 1214 lectionis
362 1183 557 1214 varietatem
579 1184 710 1225 parcius
733 1183 1052 1214 commemorandam
1076 1183 1167 1215 duxi.
1219 1183 1317 1224 Siglis
1340 1193 1418 1213 usus
1441 1192 1513 1213 sum
1536 1181 1589 1212 his
1606 1192 1659 1212 2—-

189 1233 260 1264 L=
279 1234 388 1265 Littrf}
405 1246 411 1265 :
435 1234 454 1266 Θ
473 1249 502 1261 =
521 1235 591 1266 cod.
608 1235 754 1267 Vindob.
771 1246 777 1266 ε
803 1235 832 1265 Ε
852 1250 880 1260 =
899 1235 971 1266 cod.
990 1234 1096 1266 Par-is.
1118 1237 1228 1275 2255.)

247 1459 309 1485 111.
350 1449 549 1485 Συνίσταται
574 1450 635 1495 μὲν
663 1449 723 1485 οῦν
749 1451 791 1485 τὰ
812 1452 879 1499 ζῷα
900 1450 943 1485 τά
963 1465 1000 1485 τε
1023 1450 1116 1485 ἄλλα
1137 1450 1247 1486 πάντα
1270 1451 1323 1485 καὶ
1346 1452 1364 1485 ὁ
1389 1449 1566 1495 ἅνθρωπος
1594 1449 1660 1485 ἀπὸ

193 1515 299 1560 δυοῖν,
320 1515 501 1562 διαφόροιν
521 1515 583 1560 μὲν
607 1515 667 1561 τὴν
694 1515 831 1562 δύναμιν
857 1517 1051 1562 συμφόροιν
1071 1516 1107 1550 δὲ
1136 1516 1196 1561 τὴν
1213 1517 1352 1562 χρῆσιν,
1373 1516 1479 1562 πυρὸς
1498 1515 1589 1562 λέγω
1609 1515 1662 1549 καὶ

193 1579 326 1617 ὕδατος.
383 1584 490 1616 ταῦτα
518 1581 554 1616 δέ
583 1583 827 1629 συναμφότερα
856 1582 1022 1628 αὐτάρκεά
1052 1582 1128 1617 ἐστι
1156 1580 1251 1617 τοῖσί
1267 1597 1304 1616 τε
1332 1582 1472 1616 ἶίλλοισι
1499 1583 1587 1616 πᾶσι
1610 1582 1663 1616 καὶ

193 1644 409 1691 ἀλλήλοισιν,
430 1647 586 1693 ἑκάτερον
606 1647 643 1681 δὲ
669 1648 773 1694 χωρὶς
792 1649 870 1682 οὔτε
889 1648 970 1682 αὐτὸ
994 1648 1106 1696 ἑωυτῷ
1126 1649 1204 1682 οὔτε
1229 1647 1326 1696 ἄλλῳ
1346 1647 1465 1683 οὐδενί.
1523 1647 1584 1691 τὴν
1602 1647 1664 1691 μὲν

157 1722 176 1755 5
196 1709 255 1745 οὖν
275 1709 414 1756 δύναμιν
433 1712 543 1746 αὐτῶν
565 1712 636 1758 ἔχει
659 1713 814 1759 ἑκάτερον
832 1712 974 1757 τοιήνδε·
1005 1713 1044 1747 τὸ
1068 1713 1130 1758 μὲν
1148 1713 1214 1759 γὰρ
1232 1715 1300 1759 πῦρ
1329 1711 1466 1748 δύναται
1484 1712 1591 1747 πάντα
1610 1711 1664 1746 διὰ

196 1777 321 1813 παντὸς
340 1778 485 1822 κινῆσαι,
505 1778 544 1812 τὸ
565 1777 600 1812 δέ
621 1776 711 1823 ὕδωρ
730 1778 840 1812 πάντα
869 1778 924 1812 διὰ
952 1779 1077 1814 παντὸς
1095 1777 1235 1824 θρέψαι·
1264 1777 1299 1812 ε’ν
1326 1778 1419 1824 μέρει
1447 1778 1484 1812 δέ
1511 1778 1666 1824 ἑκάτερον

196 1842 326 1889 κρατέει
344 1843 398 1877 καὶ
417 1842 588 1889 κρατέεται
608 1843 642 1879 ἐς
666 1844 705 1877 τὸ
723 1842 889 1887 μήκιστον
907 1842 961 1879 καὶ
985 1839 1057 1894 [τὸ]
1080 1843 1268 1889 ἐλάχιστον
1288 1844 1332 1879 ὡς
1357 1843 1512 1879 ἀνυστόν.
1572 1843 1665 1878 οὐδέ-

195 1921 293 1954 τερον
310 1907 376 1954 γὰρ
397 1909 561 1954 κρατῆσαι
588 1910 762 1945 παντελῶς
783 1907 918 1943 δύναται
946 1908 1000 1943 διὰ
1028 1908 1118 1943 τάδε·
1147 1909 1186 1943 τὸ
1205 1908 1267 1954 μὲν
1284 1911 1352 1955 πῦρ
1381 1909 1515 1953 ἐπεξιὸν
1543 1909 1598 1943 ἐπὶ
1625 1909 1666 1943 τὸ

195 1974 346 2020 ἔσχατον
377 1976 437 2008 τοῦ
469 1972 590 2010 ὕδατος
623 1974 792 2009 ἐπιλείπει
824 1974 843 2018 ἡ
873 1973 1000 2021 τροφή·
1039 1974 1263 2021 ἀποτρέπεται
1301 1973 1361 2010 οῦν
1398 1975 1515 2010 ὁκόθεν
1546 1974 1667 2020 μέλλει

140 2055 181 2079 10
196 2038 398 2085 τρέφεσθαι·
427 2039 467 2074 τὸ
487 2039 524 2074 δὲ
543 2037 634 2086 ὕδωρ
654 2039 789 2083 ε’πεξιὸν
808 2039 862 2075 ἐπὶ
881 2041 919 2074 τὸ
940 2040 1090 2084 ἔσχατον
1104 2042 1163 2074 τοῦ
1183 2040 1290 2086 πυρὸς
1305 2038 1470 2075 ἐπιλείπει
1489 2039 1508 2085 ἡ
1524 2040 1666 2084 κίνησις’

197 2102 333 2140 ἵσταται
361 2103 419 2138 οὖν
447 2104 483 2138 ἐν
509 2106 630 2152 τούτῳ,
651 2105 771 2139 ὁκόταν
790 2105 826 2139 δέ
856 2107 934 2150 στῇ,
955 2105 1014 2139 οὐκ
1042 2106 1092 2140 ἔτι
1121 2105 1279 2152 ἐγκρατές
1306 2106 1411 2147 ἐστιν,
1432 2104 1509 2140 ἀλλ’
1529 2106 1591 2150 ἤδη
1620 2109 1669 2154 τῷ

199 2167 397 2214 ἐμπίπτοντι
431 2169 512 2215 πυρὶ
546 2169 579 2205 ἐς
606 2169 666 2214 τὴν
693 2169 826 2216 τροφὴν
855 2171 1145 2206 καταναλίσκεται.
1202 2170 1378 2218 οὐδέτερον
1410 2171 1448 2206 δέ
1479 2171 1533 2206 διὰ
1563 2173 1669 2206 ταῦτα

200 2235 338 2270 δύναται
358 2237 524 2281 κρατῆσαι
545 2238 731 2273 παντελῶς·
761 2237 789 2271 εἷ
809 2236 849 2271 δέ
875 2251 950 2272 κοτε
971 2235 1145 2284 κρατηθεῖη
1174 2238 1226 2272 καὶ
1255 2239 1423 2284 ὁκότερον,
1443 2238 1541 2272 οὐδὲν
1560 2237 1600 2273 ἂν
1619 2236 1668 2283 εἴη

199 2303 266 2336 τῶν
294 2303 352 2336 νῦν
379 2301 501 2337 ἐόντων
529 2302 646 2348 ὥσπερ
675 2303 746 2348 ἔχει
776 2305 846 2337 νῦν·
884 2300 971 2337 οὕτω
1001 2303 1038 2337 δέ
1067 2303 1214 2348 ἐχόντων
1240 2303 1304 2338 αιέὶ
1336 2303 1435 2337 ἕσται
1466 2305 1581 2348 ταῦτα,
1616 2304 1669 2339 καὶ

143 2381 182 2414 15
201 2365 378 2413 οὐδέτερον
397 2367 449 2401 καὶ
463 2366 593 2412 οὐδαμὰ
608 2367 793 2414 ἐπιλείψει.
849 2368 888 2402 τὸ
906 2368 968 2412 μὲν
986 2366 1046 2403 οὖν
1059 2370 1128 2414 πῦρ
1148 2368 1200 2402 καὶ
1221 2369 1261 2402 τὸ
1280 2366 1381 2414 ὕδωρ,
1403 2369 1521 2415 ὥσπερ
1541 2367 1670 2415 εἴρηταί

199 2446 268 2477 μοι,
308 2432 472 2479 αὖτάρκεά
509 2432 586 2467 ἐστι
621 2434 709 2468 πᾶσι
747 2432 802 2468 διὰ
839 2434 964 2470 παντὸς
1001 2433 1036 2469 ἐς
1072 2434 1111 2468 τὸ
1147 2432 1312 2479 μήκιστον
1349 2434 1404 2468 καὶ
1441 2435 1671 2481 τούλάχιστον

202 2495 378 2534 ὡσαύτως.

256 2573 312 2599 IV.
343 2562 478 2598 Τούτων
496 2563 532 2598 δέ
551 2565 750 2611 πρόσκειται
779 2565 923 2614 ἑκατέρῳ
949 2565 1040 2601 τάδε·
1069 2568 1116 2614 τῷ
1141 2566 1204 2610 μὲν
1222 2566 1302 2612 πυρὶ
1331 2565 1370 2600 τὸ
1399 2565 1523 2613 θερμὸν
1551 2566 1604 2601 καὶ
1631 2567 1671 2601 τὸ

203 2627 316 2674 ξηρόν,
335 2630 382 2676 τῷ
402 2628 438 2663 δὲ
457 2627 553 2664 ὕδατι
571 2630 611 2664 τὸ
630 2630 771 2677 ψυχρὸν
792 2632 844 2666 καὶ
863 2633 902 2666 τὸ
922 2631 1036 2678 ὑγρόν·
1066 2631 1138 2678 ἕχει
1158 2631 1194 2666 δέ
1212 2630 1269 2665 ἀπ’
1291 2629 1452 2676 ἀλλήλων
1471 2632 1510 2666 τὸ
1528 2631 1590 2676 μὲν
1603 2634 1671 2678 πῦρ

252 2789 292 2820 13
314 2783 388 2821 post
410 2779 560 2823 ὁκότερον
583 2781 661 2815 add.
682 2781 834 2824 πρότερον
856 2782 904 2815 Lo
929 2786 941 2821 Η
971 2792 1011 2824 14
1033 2783 1136 2815 ταῦτα
1159 2783 1330 2825 Bernays:
1361 2783 1403 2814 τὰ
1424 2783 1507 2815 αὐτὰ
1529 2784 1559 2815 L
1581 2785 1672 2826 vulg.

209 2836 222 2870 ῃ
268 2840 306 2872 15
331 2831 496 2873 οὐδέτερον
520 2834 689 2876 Bernays:
713 2833 864 2875 οὐδέτερα
886 2836 915 2867 L
936 2836 1027 2877 vulg.
1075 2839 1087 2873 Η
1135 2835 1207 2867 οὐδὲ
1229 2834 1293 2875 ἅμα
1314 2835 1343 2867 L
1365 2836 1479 2877 vulg.:
1512 2836 1632 2875 οὐδαμᾶ
1654 2835 1673 2868 Θ

207 2883 380 2915 Ermerins
