1893 3230
211 238 259 273 24
688 243 967 274 HPAKAEITOY
998 244 1183 274 ΕΦΕΣΙΟΥ

879 375 999 417 LIX.

207 451 458 514 Συνάψειας
483 453 590 499 οὖλα
619 454 686 500 καὶ
714 456 810 518 οὐχὶ
836 455 960 513 οὖλα,
986 457 1318 519 συμφερόμενον
1342 454 1669 519 διαφερόμενον,

204 527 386 588 συνᾷδον
412 527 570 587 ὃιᾷδον·
608 530 653 575 ἐκ
676 528 848 577 πάντων
867 530 915 577 ’ὲν
941 532 1007 576 καὶ
1034 532 1081 593 ἐξ
1106 529 1194 580 ἑνὸς
1220 529 1380 576 πάντα.

892 646 983 689 LX.

206 723 337 779 Δίκης
361 726 521 780 οὕνομα
547 727 620 772 οὐκ
644 724 695 771 ἂν
719 727 888 787 ᾔδεσαν,
915 730 950 773 εἶ
973 732 1115 774 ταῦτα
1141 729 1198 782 μὴ
1224 730 1285 781 ἧν.

881 842 1000 883 LXI.

264 919 403 962 Schol.
427 924 471 961 B.
494 920 539 961 in
562 920 614 962 Il.
637 920 693 962 iv.
715 934 755 972 4,
779 936 818 975 p.
845 934 926 963 120
949 922 1080 964 Bekk.
1101 938 1110 962 :
1144 922 1309 974 ἀπρεπές
1331 928 1468 975 φασιν,
1487 922 1520 963 εἰ
1540 920 1671 973 τέρπει

202 988 292 1030 τοὺς
321 989 430 1032 θεοὺς
452 989 635 1041 πολέμων
663 990 745 1030 θέα.
808 989 900 1030 ἀλλ’
922 991 991 1030 οὐκ
1013 991 1195 1042 ἀπρεπές·
1227 993 1276 1032 τὰ
1296 992 1370 1043 γὰρ
1391 993 1555 1043 γενναῖα
1577 990 1672 1042 ἔργα

204 1056 346 1108 τέρπει.
408 1058 540 1100 ἄλλως
580 1074 620 1098 τε
661 1059 828 1109 πόλεμοι
860 1059 922 1099 καὶ
952 1058 1074 1112 μάχαι
1104 1059 1197 1111 ἡμῖν
1226 1060 1300 1110 μὲν
1331 1060 1437 1099 δεινὰ
1469 1061 1584 1107 δοκεῖ,
1617 1059 1670 1112 τῷ

206 1124 248 1165 δὲ
280 1126 354 1180 θεῷ
388 1125 475 1166 οὐδὲ
507 1129 628 1166 ταῦτα
669 1126 789 1167 δεινά.
869 1131 1051 1168 συντελεῖ
1083 1129 1157 1180 γὰρ
1200 1127 1354 1168 ἅπαντα
1390 1128 1410 1167 ὁ
1451 1126 1534 1169 θεὸς
1575 1125 1672 1178 πρὸς

260 1278 343 1304 LIX.
373 1265 604 1305 Aristoieles
626 1268 671 1305 de
693 1267 840 1305 Mundo
863 1278 896 1316 5,
918 1281 954 1318 p.
978 1271 1053 1317 396
1068 1269 1088 1306 b
1113 1282 1157 1306 12
1181 1267 1437 1320 (=Apuleius
1457 1268 1503 1306 de
1524 1267 1671 1305 Mundo

208 1344 278 1378 203
319 1331 506 1370 SssObanS
540 1332 620 1371 Ecl.
657 1332 680 1370 i.
714 1347 775 1382 34,
805 1347 842 1383 p.
876 1333 991 1386 690):
1032 1337 1116 1371 ἔοικε
1147 1336 1183 1370 δὲ
1213 1337 1265 1371 καὶ
1293 1336 1312 1380 ἡ
1340 1335 1439 1382 τέχνη
1469 1335 1529 1380 τὴν
1562 1334 1673 1381 φύσιν

204 1398 387 1443 μιμουμένη
408 1400 511 1433 ταύτὰ
530 1402 648 1436 ποιεῖν.
707 1400 883 1446 ζωγραφία
910 1401 971 1445 μὲν
995 1402 1061 1447 γὰρ
1086 1403 1216 1436 λευκῶν
1241 1416 1277 1435 τε
1304 1401 1356 1435 καὶ
1380 1401 1533 1445 μελάνων
1552 1400 1672 1445 ὠχρῶν

204 1477 242 1497 τε
267 1464 319 1497 καὶ
347 1464 496 1510 ἐρυθρῶν
521 1466 708 1511 χρωμάτων
735 1465 983 1511 ἐγκερασαμένη
1010 1465 1138 1512 φύσεις
1163 1467 1223 1501 τὰς
1251 1466 1377 1501 εἰκόνας
1405 1467 1476 1501 τοῖς
1503 1479 1672 1511 προηγου-

204 1526 316 1572 μένοις
344 1527 531 1564 ἀπετέλεσε
560 1532 779 1575 συμφώνους,
800 1531 944 1575 μουσικὴ
969 1531 1005 1564 δὲ
1031 1530 1119 1574 ὀξεῖς
1144 1531 1211 1575 ἅμα
1238 1532 1290 1565 καὶ
1318 1533 1434 1577 βαρεῖς
1463 1529 1608 1576 μακρούς
1636 1544 1673 1563 τε

205 1593 257 1626 καὶ
277 1594 420 1638 βραχεῖς
440 1594 615 1641 φθόγγους
633 1594 763 1640 μίξασα
782 1595 817 1629 ἐν
837 1595 1014 1641 διαφόροις
1033 1597 1161 1642 φωναῖς
1180 1593 1257 1640 μίαν
1275 1595 1483 1630 ἀπετέλεσεν
1502 1595 1673 1641 ἁρμονίαν,

205 1658 415 1703 γραμματικὴ
435 1659 471 1693 δέ
492 1659 526 1693 ἐκ
546 1659 746 1705 φωνηέντων
765 1660 816 1694 καὶ
842 1659 986 1706 ἀφώνων
1011 1661 1215 1707 γραμμάτων
1239 1662 1359 1707 κρᾶσιν
1382 1661 1589 1704 ποιησαμένη
1614 1659 1675 1703 τὴν

207 1722 291 1767 ὅλην
318 1723 440 1769 τέχνην
468 1724 525 1758 ἀπ’
547 1725 655 1759 αὐτῶν
684 1724 934 1769 συνεστήσατο.
992 1726 1094 1760 ταύτὸ
1121 1727 1158 1760 δὲ
1183 1728 1285 1760 τοῦτο
1311 1725 1350 1770 ἣν
1376 1726 1429 1760 καὶ
1455 1726 1494 1760 τὸ
1517 1726 1608 1770 παρὰ
1626 1726 1674 1773 τῷ

207 1791 368 1837 σκοτεινῷ
392 1791 575 1835 λεγόμενον
593 1788 815 1838 (Ἡρακλείτῳ
861 1791 1053 1837 Συνάψειας
1080 1790 1165 1826 οὖλα
1191 1792 1243 1826 καὶ
1270 1791 1348 1836 οὐχὶ
1377 1789 1474 1835 οὖλα,
1495 1790 1674 1836 συμφερό-

206 1868 306 1899 μενον
339 1854 593 1900 διαφερόμενον,
624 1856 770 1901 συνᾷδον
803 1855 926 1900 διᾷδον·
971 1857 1006 1890 ἐκ
1033 1857 1167 1891 πάντων
1194 1853 1230 1891 ἓν
1258 1857 1311 1891 καὶ
1338 1856 1378 1899 ἐξ
1406 1857 1479 1891 ἑνὸς
1510 1856 1675 1890 πάντα-

209 1917 318 1954 Conf.
350 1915 543 1966 Apuleius
572 1918 619 1955 de
645 1918 793 1955 Mundo
827 1931 897 1955 21:
933 1918 986 1956 sic
1015 1919 1137 1956 toiius
1166 1918 1301 1956 mundi
1330 1932 1397 1955 sua
1424 1917 1609 1955 instantia
1623 1914 1672 1970 [2]

207 1980 407 2018 initiorum
441 1982 543 2020 inter
575 1996 614 2020 se
647 1983 812 2033 impares
846 1988 1066 2030 conventus,
1095 1984 1179 2033 pari
1213 1997 1282 2021 nec
1315 1982 1556 2020 discordante
1584 1995 1673 2020 con-

208 2059 321 2083 sensu
351 2050 490 2084 natura
522 2048 641 2085 veluti
668 2048 851 2086 musicam
882 2049 1130 2097 temperavit:
1171 2048 1313 2085 umidis
1339 2048 1446 2085 arida
1472 2051 1511 2085 et
1535 2046 1674 2096 glacia-

207 2111 309 2150 libus
330 2112 536 2159 flammida,
552 2114 747 2152 velocibus
767 2116 886 2164 pigra,
904 2114 1060 2153 directis
1080 2114 1235 2164 obliqua
1250 2113 1460 2159 confundit,
1476 2125 1674 2163 unumque

208 2190 256 2214 ex
277 2176 454 2215 omnibus
474 2181 511 2215 et
531 2192 577 2215 ex
604 2192 679 2216 uno
706 2180 833 2217 omnia
860 2180 969 2218 iuxka
993 2179 1236 2217 Heraclitum
1259 2179 1460 2216 constituit
1480 2177 1530 2230 (v.
1552 2178 1602 2215 fr.
1623 2176 1674 2229 L)

208 2243 414 2292 —Respic
437 2243 693 2293 Hippocrates
713 2263 749 2283 π.
769 2249 899 2294 τροφῆς
921 2258 988 2292 40;
1019 2262 1053 2283 π.
1077 2245 1203 2291 διαίτης
1223 2244 1246 2281 i.
1269 2244 1429 2294 saepius,

262 2320 327 2345 Lx.
359 2307 537 2345 Clemens
565 2308 676 2347 Alex,
707 2309 849 2347 Strom.
879 2310 928 2348 iv.
963 2324 996 2360 3,
1021 2324 1058 2360 p.
1082 2312 1180 2358 568:
1215 2314 1325 2347 καλῶς
1356 2310 1415 2346 οὖν
1441 2310 1673 2357 Ἡράκλειτος·

210 2373 310 2418 Δίκης
343 2374 446 2419 ὄνομα
477 2375 536 2409 οὐκ
566 2375 606 2410 ἂν
635 2374 772 2422 ᾔδεσαν,
808 2377 837 2411 εἶ
871 2379 975 2411 ταῦτα
1007 2377 1051 2422 μὴ
1079 2375 1130 2420 ἦν’
1171 2377 1346 2421 Σωκράτης
1380 2376 1416 2410 δὲ
1445 2377 1547 2420 νόμον
1579 2374 1674 2409 ἕνεκα

208 2439 344 2487 ἀγαθῶν
363 2440 421 2474 οὐκ
445 2440 484 2475 ἂν
503 2440 824 2486 ‘ywe'crssat-——Confi
846 2440 1237 2490 pseudo-Heraclitus
1262 2439 1385 2489 Epist.
1406 2439 1460 2476 vii
1479 2453 1486 2476 :
1522 2441 1553 2474 οἱ
1579 2441 1673 2483 νόμοι

210 2505 336 2541 ἀδικίας
356 2505 424 2539 εἶσὶ
443 2504 632 2551 τεκμήριον.

264 2579 342 2604 LXI.
374 2567 524 2616 Respic.
546 2568 800 2617 Hippocrates
819 2586 855 2607 π.
877 2571 1002 2615 διαίτης
1022 2569 1045 2606 i.
1072 2582 1086 2606 1
1100 2581 1130 2606 1.

252 2705 321 2727 LIX.
345 2695 504 2737 συλλάψει
529 2697 570 2727 εἷς
596 2697 729 2729 Stobaei
751 2698 845 2729 codd.
860 2698 960 2730 VA:
987 2697 1127 2739 συνάψας
1142 2697 1338 2729 Aristotelis
1361 2698 1432 2729 cod.
1449 2697 1496 2735 Q:
1523 2696 1672 2738 συνάψιεε
1715 2740 1717 2742 ³

208 2749 302 2779 codd.
322 2748 350 2779 Ο
363 2749 394 2779 R
413 2749 510 2789 (latet
524 2749 611 2779 idem
628 2749 663 2779 in
679 2749 858 2790 depravata
873 2750 1015 2781 lectione
1031 2751 1101 2781 cod.
1118 2751 1146 2780 F
1165 2750 1317 2791 Apuleii)
1368 2754 1380 2788 Η
1401 2748 1462 2780 ὅλα
1478 2749 1671 2780 Aristotelis

207 2800 277 2831 cod.
294 2801 322 2831 P
336 2812 342 2831 τ
368 2800 501 2831 Stobaei
519 2804 552 2831 et
568 2801 704 2841 Apuleii
721 2802 813 2832 codd.
863 2805 874 2839 ΙΙ
891 2801 943 2832 καὶ
959 2802 1048 2833 delet
1064 2802 1171 2833 Zeller
1220 2806 1231 2839 ΙΙ
1251 2802 1312 2841 οὐχ
1329 2802 1464 2833 Stobaei
1481 2805 1515 2832 et
1531 2801 1670 2842 Apuleii

207 2852 299 2884 codd.
348 2855 359 2889 Η
377 2851 429 2882 καὶ
448 2855 525 2882 ante
544 2852 770 2892 διαφερόμενον
790 2856 824 2883 et
846 2854 951 2895 διᾷδον
967 2854 1042 2885 add.
1058 2854 1251 2886 Aristotelis
1274 2854 1368 2886 codd.
1392 2854 1541 2895 plerique
1587 2857 1600 2891 11
1618 2852 1671 2884 καὶ

209 2907 288 2935 ante
305 2903 342 2934 ἐκ
355 2902 480 2934 πάντων
495 2904 569 2935 add.
588 2904 780 2936 Aristotelis
797 2908 830 2936 et
846 2906 982 2946 Apuleii
998 2905 1092 2936 codd.

255 2964 310 2988 LX.
335 2955 433 2995 ὄνομα
450 2957 536 2996 vulg.
