1893 3230
768 208 981 236 APPENDIX
1003 223 1058 228 —
1079 209 1118 236 v.
1628 204 1677 238 73

210 323 419 370 ὑπέραντλον
445 323 579 370 γένηται
606 326 645 359 τὸ
674 327 783 369 σῶμα,
819 323 958 359 δύσεται
986 326 1032 361 εἷς
1060 326 1099 360 τὸ
1132 323 1340 372 εἱμαρμένον.
1384 325 1476 360 ἀλλὰ
1504 325 1543 359 οὐ
1576 324 1678 371 ψυχὴ

209 387 360 434 δύσεται,
389 388 480 423 ἀλλὰ
512 388 677 423 ἀθάνατον
709 387 797 424 οὖσα
829 391 943 435 χρῆμα
977 390 1023 426 εἷς
1056 390 1197 437 οὐρανὸν
1224 390 1454 436 ἀναπτήσεται
1481 390 1677 437 μετάρσιος,

209 454 362 498 δέξονται
395 454 434 489 δέ
463 469 504 499 με
537 454 678 501 αἰθέριοι
707 454 803 500 δόμοι
831 456 885 489 καὶ
912 454 1099 501 Ἐφεσίους
1128 455 1391 502 συκοφαντήσω·
1431 454 1678 500 πολιτεύσομαι

209 520 269 554 οὐκ
297 519 333 554 ἐν
360 519 558 565 ἀνθρώποις,
586 518 665 554 ἀλλ’
685 520 720 554 ἐν
749 520 847 564 θεοῖς,
874 520 926 555 καὶ
956 520 1020 566 οὐχ
1050 519 1177 567 ἶδρύσω
1208 520 1304 569 ἄλλῳ
1333 519 1481 566 βωμούς,
1506 519 1582 555 ἀλλ’
1603 519 1677 565 ε’μοὶ

171 591 188 623 5
208 584 320 629 ἄλλοι,
359 585 436 619 οὐδὲ
474 584 653 630 ἀπειλήσει
689 599 746 629 μοι
785 585 948 627 ἀσέβειαν
985 585 1171 630 Εὐθυκλῆς,
1201 584 1279 620 ἀλλ’
1310 585 1376 632 ἐγὼ
1410 586 1522 634 ἐκείνῳ
1555 584 1675 631 χολήν.

207 649 417 694 θαυμάζουσι
435 653 507 685 πῶς
526 649 577 684 ἀεὶ
598 649 798 696 σκυθρωπὸς
817 648 1050 697 Ἡράκλειτος,
1072 650 1110 685 οὐ
1137 650 1345 695 θαυμάζουσι
1373 654 1446 686 πῶς
1467 650 1519 685 ἀεὶ
1537 651 1677 697 πονηροὶ

205 713 386 760 ἅνθρωποι.
429 715 531 761 μικρὰ
558 716 618 759 τῆς
647 715 761 751 κακίας
789 715 955 759 ὑπανεῖτε,
977 715 1068 761 κάγὼ
1097 715 1186 761 τάχα
1213 715 1389 760 μειδιάσω.
1435 716 1542 750 καίτοι
1569 717 1676 762 πρᾳό-

204 793 301 825 τερος
328 779 362 814 ἐν
387 782 427 824 τῇ
456 781 547 828 νόσῳ
577 782 634 815 νῦν
662 780 834 826 ἐγενόμην,
855 779 906 814 ὅτι
935 780 995 815 οὐκ
1023 780 1216 826 ἐντυγχάνω
1244 780 1442 826 ἀνθρώποις,
1463 780 1554 815 ἀλλὰ
1573 781 1676 825 μόνος

205 847 307 879 νοσῶ.
337 845 426 890 τάχα
447 845 500 879 καὶ
519 845 618 891 ψυχὴ
638 844 834 890 μαντεύεται
853 844 1024 880 ἀπόλυσιν
1050 846 1168 890 ἑαυτῆς
1194 845 1255 890 ἤδη
1281 846 1365 881 ποτέ
1392 846 1428 880 ἐκ
1453 848 1513 880 τοῦ
1539 846 1675 891 δεσμω-

146 917 187 939 10
203 910 320 955 τηρίου
332 908 453 945 τούτου
469 910 521 945 καὶ
537 910 713 955 σειομένου
727 913 787 945 τοῦ
804 912 962 955 σώματος
976 909 1189 946 ἐκκύπτουσα
1201 909 1484 956 ἀναμιμνήσκεται
1496 911 1538 945 τὰ
1550 912 1674 958 πάτρια
1699 922 1702 923 ’

203 974 323 1021 χωρία,
344 975 439 1009 ἔνθεν
457 975 670 1010 κατελθοῦσα
691 976 916 1022 περιεβάλετο
941 975 1020 1021 ῥέον
1039 979 1149 1021 σῶμα,
1169 977 1208 1010 τὸ
1237 976 1384 1012 τεθνειὸς
1412 979 1523 1021 τοῦτο,
1545 975 1563 1011 ὃ
1583 976 1675 1011 δοκεῖ

203 1042 274 1076 τοῖς
293 1039 413 1076 ἄλλοις
437 1042 494 1084 ζῆν
513 1041 549 1075 ἐν
573 1041 754 1087 φλέγμασι
775 1041 827 1075 καὶ
846 1042 935 1086 χολῇ
957 1041 1009 1075 καὶ
1029 1041 1128 1087 ἷχῶρι
1148 1042 1200 1076 καὶ
1220 1040 1343 1086 αἵματι,
1365 1036 1454 1092 [καὶ]
1475 1039 1601 1088 νεύροις
1621 1041 1674 1076 καὶ

203 1103 320 1141 ὀστοῖς
343 1106 396 1140 καὶ
425 1106 569 1152 σάρκεσι
597 1105 833 1150 πεπιλημένον.
865 1106 894 1140 εἷ
912 1107 979 1153 γὰρ
1000 1106 1046 1151 μὴ
1065 1107 1107 1140 τὰ
1127 1107 1216 1151 πάθη
1236 1106 1420 1151 ἐσοφίζετο
1439 1106 1499 1151 τὴν
1517 1108 1672 1152 κόλασιν,

203 1170 263 1205 οὐκ
283 1170 323 1205 ἂν
342 1170 403 1215 ἤδη
422 1172 595 1217 πρόπαλαι
615 1173 854 1207 καταλιπόντες
873 1171 911 1205 τὸ
932 1174 1031 1216 σῶμα
1051 1170 1238 1215 ἐξήλθομεν
1257 1170 1313 1205 ἀπ’
1334 1172 1460 1211 αὐτοῦς
1489 1171 1633 1217 ἔρρωσο.

900 1280 974 1319 VI.

144 1373 182 1406 15
255 1368 309 1413 Τῷ
333 1365 436 1414 αὐτῷ.
494 1364 665 1410 Συνῆλθον
694 1366 726 1399 οἱ
755 1365 872 1411 ἰατροί,
902 1364 1112 1411 Ἀμφιδάμα,
1143 1366 1196 1400 καὶ
1222 1366 1311 1401 πάνυ
1339 1364 1520 1412 προθύμως
1547 1380 1587 1412 γε
1616 1365 1672 1401 ε’πὶ

200 1432 260 1477 τὴν
278 1432 359 1477 ε’μὴν
385 1434 508 1467 νοῦσον
536 1434 615 1466 οὔτε
644 1431 764 1476 τέχνην
792 1433 869 1465 οὔτε
899 1429 1007 1477 φύσιν
1036 1432 1169 1477 εἰδότες,
1190 1431 1281 1466 ἀλλὰ
1309 1432 1348 1466 τὸ
1376 1432 1437 1477 μὲν
1465 1431 1543 1466 οὐδὲ
1571 1430 1671 1474 ἐβού-

199 1498 314 1542 λοντο,
343 1498 382 1532 τὸ
411 1498 447 1532 δέ
476 1497 623 1541 ἐδόκουν,
644 1497 748 1543 ἶίμφω
778 1496 814 1531 δέ
843 1495 996 1543 ἠγνόουν.
1036 1497 1133 1531 οὐδὲν
1159 1496 1266 1532 πλέον
1293 1496 1311 1542 ἢ
1342 1497 1576 1542 κατεμάλαξάν
1604 1512 1670 1541 μου

200 1562 260 1607 τὴν
287 1562 440 1609 γαστέρα
469 1565 541 1598 ταῖς
570 1564 675 1607 ἁφαῖς
704 1563 747 1598 ὡς
775 1561 889 1597 ἀσκόν.
926 1563 957 1596 οἶ
986 1562 1022 1596 δὲ
1052 1562 1104 1596 καὶ
1133 1561 1329 1609 θεραπεύειν
1357 1562 1490 1607 ἤθελον,
1511 1562 1589 1596 ἀλλ’
1611 1563 1670 1597 οὐκ

201 1628 387 1675 ἐπέτρεψα,
414 1627 506 1662 ἀλλὰ
533 1629 638 1674 λόγον
666 1627 788 1663 αὐτοὺς
815 1629 981 1673 πρότερον
1009 1625 1112 1672 ᾔτουν
1139 1629 1198 1671 τῆς
1226 1629 1341 1672 νόσου,
1363 1629 1415 1662 καὶ
1443 1629 1503 1662 οὐκ
1530 1628 1668 1669 ἔδοσαν,

142 1701 181 1722 20
200 1694 277 1728 οὐδὲ
305 1693 540 1741 περιεγένοντό
568 1708 643 1737 μου,
674 1692 751 1727 ἀλλ’
781 1692 847 1739 ε’γὼ
877 1693 995 1728 αὐτῶν.
1040 1694 1061 1711 “
1074 1696 1145 1729 πῶς
1174 1693 1214 1727 ἂν
1244 1691 1329 1728 οῧν”
1359 1694 1447 1740 ἕφην
1477 1695 1498 1712 “
1510 1692 1669 1730 δύναισθε

198 1759 338 1803 αὐληταὶ
358 1761 507 1805 τεχνῖται
526 1755 608 1793 εἶναι
628 1759 693 1793 ὑπὸ
711 1758 756 1803 μὴ
783 1759 930 1802 αὐλητοῦ
958 1757 1153 1803 ἡττημένοι,-
1184 1758 1326 1804 ἐμαυτὸν
1354 1759 1504 1804 ι’άσομαι,
1525 1758 1544 1804 ἢ
1565 1760 1667 1805 ὑμεῖς,

198 1825 256 1859 ε’άν
273 1825 315 1870 γε’
331 1840 372 1869 με
393 1824 559 1868 διδάξητε,
579 1827 650 1859 πῶς
676 1824 715 1867 ἐξ
741 1823 929 1870 ἐπομβρίας
955 1824 1084 1869 αὐχμὸν
1108 1822 1297 1868 ποιητέον.”
1328 1825 1359 1858 οἶ
1379 1824 1415 1858 δέ
1436 1824 1512 1859 οὐδὲ
1539 1826 1667 1860 συνιέν-

197 1904 253 1926 τες
271 1890 311 1924 τὸ
331 1890 484 1936 ἐρώτημα
503 1888 686 1935 ἡσύχασαν
705 1888 929 1935 ἀπορούμενοι
956 1887 1143 1933 ἐπιστήμης
1170 1888 1267 1925 ἰδίου.
1296 1889 1402 1936 ἔγνων
1428 1888 1480 1924 ὅτι
1506 1889 1565 1925 κᾶν
1590 1890 1668 1926 τοὺς

196 1954 324 1992 ἶίλλους
353 1956 412 1990 οὐκ
440 1954 546 1999 αὐτοί,
567 1955 657 1989 ἀλλὰ
684 1953 770 2000 τύχη
801 1955 944 1990 ἰάσαιτο.
976 1954 1069 1989 οὗτοι
1098 1954 1300 1999 ἀσεβοῦσιν,
1329 1954 1537 2001 Ἀμφιδάμα,
1568 1970 1668 1990 κατα-

140 2027 178 2059 25
197 2021 403 2067 ψευδόμενοι
423 2024 551 2066 τεχνῶν
569 2019 609 2056 ἃς
628 2021 686 2055 οὐκ
706 2021 827 2066 ἔχουσι
854 2020 905 2054 καὶ
932 2019 1174 2063 θεραπεύοντες
1193 2019 1214 2054 ἃ
1233 2020 1277 2065 μὴ
1302 2018 1404 2055 ἰ’σασι
1430 2021 1483 2055 καὶ
1511 2020 1668 2056 ἀποκτιν-

196 2085 309 2123 νύντες
340 2086 537 2133 ἀνθρώπους
571 2085 612 2121 δι’
645 2085 807 2130 ὀνόματος
839 2085 960 2132 τέχνης
993 2085 1184 2122 ἀδικοῦντες
1218 2087 1270 2120 καὶ
1304 2084 1414 2132 φύσιν
1448 2087 1501 2121 καὶ
1534 2087 1667 2133 τέχνην.

196 2152 344 2198 αἷσχρόν
371 2152 466 2186 ἐστιν
495 2154 675 2198 ὁμολογεῖν
703 2151 848 2198 ἄγνοιαν,
870 2149 1007 2197 α’ίσχιον
1034 2150 1222 2196 ἐπιστήμην
1251 2152 1310 2186 οὐκ
1338 2152 1472 2197 ἔχοντα.
1502 2150 1538 2187 τί
1555 2153 1669 2189 αὐτοῖς

196 2215 258 2261 ἡδὺ
290 2218 329 2251 τὸ
357 2215 572 2263 ψεύδεσθαι;
614 2216 634 2261 ἢ
663 2215 716 2251 ἵνα
746 2215 786 2250 δι’
817 2216 945 2260 ἀπάτης
978 2215 1274 2262 χρηματι’σωνται;
1316 2216 1471 2261 ἀμείνους
1507 2217 1547 2252 ἂν
1579 2216 1668 2262 ἦσαν

195 2285 440 2327 μεταιτοῦντες·
487 2280 649 2327 ἢλεοῦντο
685 2284 769 2328 γοῦν
805 2281 857 2315 ἄν·
900 2283 958 2316 νῦν
995 2281 1031 2316 δέ
1069 2283 1246 2325 μισοῦνται
1279 2282 1331 2316 καὶ
1369 2282 1582 2324 βλάπτοντες
1615 2284 1668 2318 καὶ

137 2356 179 2388 30
196 2348 414 2394 ψευδόμενοι.
445 2348 681 2394 εὐτελέστεραι
707 2348 740 2381 αἱ
766 2346 872 2381 ἅλλαι
897 2346 1021 2392 τέχναι,
1043 2345 1172 2392 ταχέως
1199 2346 1410 2394 ἐλέγχονται·
1441 2348 1667 2396 δυσελεγκτό-

195 2427 276 2460 τερα
308 2414 350 2448 τὰ
384 2413 534 2459 κρείττω.
579 2412 788 2457 ε’λελήθεσάν
819 2427 862 2457 με
890 2413 921 2446 οἱ
948 2414 1097 2446 τοιοῦτοι
1126 2412 1162 2446 ἐν
1189 2415 1229 2456 τῇ
1259 2414 1370 2448 πόλει.
1414 2413 1524 2449 οὐδεὶς
1557 2414 1669 2449 αὐτῶν

196 2480 320 2525 ἱατρός,
355 2479 445 2513 ἀλλὰ
478 2479 599 2514 πάντες
632 2478 820 2514 ἀπατεῶνες
848 2478 901 2512 καὶ
929 2477 1084 2524 φένακες,
1115 2476 1320 2524 σοφίσματα
1352 2478 1472 2524 τέχνης
1503 2478 1667 2526 ἀργυρίου

195 2546 455 2591 πιπράσκοντες.
492 2543 775 2590 “Ηρακλεόδωρον
804 2545 863 2579 τὸν
891 2544 970 2589 ε’μὸν
999 2543 1088 2578 θεῖον
1117 2542 1210 2578 οὗτοι
1239 2543 1435 2580 ἀπέκτειναν
1460 2545 1513 2579 καὶ
1541 2545 1668 2590 μισθὸν

195 2611 334 2655 ἔλαβον,
356 2608 388 2644 οἳ
406 2610 465 2644 οὐκ
485 2608 693 2654 ἐδυνήθησαν
712 2611 791 2655 ἐμῆς
817 2610 922 2644 νόσου
946 2610 1051 2656 λόγον
1080 2609 1194 2654 εἰπεῖν,
1217 2609 1293 2644 οὐδὲ
1320 2609 1358 2654 ἐξ
1384 2610 1572 2657 ἐπομβρίας
1595 2614 1668 2647 πῶς

241 2770 262 2800 4
277 2757 367 2798 ἄλλῳ
383 2759 497 2800 scripsi
515 2771 520 2790 z
544 2757 654 2789 ἄλλων
671 2759 700 2789 Β
717 2758 807 2799 vulg.
865 2761 876 2796 ΙΙ
937 2766 971 2788 11
993 2757 1067 2797 ῥέον
1082 2769 1114 2788 τι
1138 2757 1228 2796 σῶμα
1244 2758 1273 2788 Β
1288 2769 1294 2789 :
1320 2756 1394 2797 ῥέον
1411 2756 1450 2789 τὸ
1466 2757 1558 2797 σῶμα
1573 2758 1663 2800 vulg.

200 2815 212 2849 Η
236 2820 272 2841 12
297 2810 347 2841 καὶ
372 2811 436 2842 del.
460 2811 489 2841 B
537 2814 549 2849 ΙΙ
601 2820 639 2851 13
662 2808 896 2850 κατεσοφίζετο
920 2810 949 2841 Β
997 2813 1008 2848 ΙΙ
1062 2819 1100 2840 22
1126 2808 1167 2850 γε’
1191 2810 1288 2840 WB:
1322 2809 1355 2840 δέ
1380 2809 1450 2841 cod.
1475 2810 1662 2842 Mazarin.:

198 2873 263 2894 om.
279 2863 369 2903 vulg.
420 2866 431 2900 ΙΙ
481 2861 628 2893 συνέντες
644 2862 796 2893 Hercher
844 2865 856 2900 ΙΙ
908 2871 946 2902 23
963 2860 1021 2892 κᾶν
1038 2862 1210 2893 Hercher:
1237 2860 1287 2892 καὶ
1304 2861 1394 2903 vulg.
1451 2865 1463 2900 ΙΙ
1520 2871 1561 2902 30
1578 2861 1666 2893 εὐτυ-

199 2912 351 2955 χέστεραι
369 2914 459 2955 vulg.
479 2925 561 2945 corr.
580 2914 623 2943 W
675 2918 686 2952 ΙΙ
736 2923 775 2954 33
791 2912 850 2945 τὸν
866 2924 930 2944 om.
948 2913 1024 2944 WB
