1893 3230
726 175 935 203 APPENDIX
958 187 1013 192 —
1035 175 1082 201 11.
1585 163 1634 196 65

171 291 213 325 τὰ
251 289 384 337 ἀφανέα
411 291 572 336 γινώσκει
612 288 665 324 καὶ
693 291 804 325 τοῖσιν
834 289 982 335 ἀφανέσι
1011 289 1053 323 τὰ
1084 287 1215 335 φανερὰ
1245 287 1298 321 καὶ
1329 287 1441 320 τοῖσιν
1468 284 1564 318 ἐοῦσι
1597 284 1639 317 τὰ

169 355 344 400 μέλλοντα
370 356 423 389 καὶ
449 357 562 389 τοῖσιν
589 354 800 390 ἀποθανοῦσι
825 354 866 388 τὰ
895 356 1010 397 ζῶντα·
1043 354 1095 387 καὶ
1121 355 1168 400 τῷ
1192 351 1343 399 ἀσυνέτῳ
1370 349 1524 394 ξυνίασιν
1543 349 1561 382 ὁ
1579 347 1640 392 μὲν

170 421 266 456 εἰδὼς
287 421 339 455 ἀεὶ
359 421 480 467 ὀρθῶς,
501 422 519 455 ὁ
547 421 582 455 δέ
609 420 653 464 μὴ
681 420 776 455 εἰδὼς
802 419 929 454 ἶίλλοτε
955 419 1081 455 ἶίλλως.
1153 417 1264 463 φύσιν
1288 416 1465 462 ἀνθρώπου
1491 414 1544 448 καὶ
1562 413 1641 455 βίον

169 488 276 521 ταῦτα
294 486 457 531 μιμέεται.
515 485 597 532 ἀνὴρ
617 486 749 530 γυναικὶ
771 487 1020 531 συγγενόμενος
1039 483 1173 519 παιδίον
1192 483 1342 526 ἐποίησε·
1372 482 1419 529 τῷ
1438 480 1576 526 φανερῷ
1601 478 1641 512 τὸ

132 558 150 590 5
169 550 295 596 ἄδηλον
313 552 472 598 γινώσκει
492 550 544 585 ὅτι
560 549 666 587 οὕτως
685 551 793 586 ἕσται.
863 551 977 596 γνώμη
998 549 1176 595 ἀνθρώπου
1199 546 1340 594 ἀφανής,
1361 546 1579 592 γινώσκουσα
1599 544 1641 578 τὰ

169 616 302 663 φανερὰ
321 616 357 650 ἐκ
382 616 502 652 παιδὸς
527 615 561 651 ε’ς·
587 615 690 662 ἄνδρα
714 615 928 661 μεθίσταται,
948 616 994 662 τῷ
1014 614 1102 648 ἐόντι
1121 615 1160 648 τὸ
1187 613 1316 658 μέλλον
1340 612 1518 657 γινώσκειν
1537 610 1561 652 †
1577 609 1640 654 οὐχ

169 681 286 727 ὅμοιον
304 681 370 717 ἀπὸ
391 681 534 716 θανάτου
556 682 672 724 ζώοντι
687 682 710 722 †
731 683 779 728 τῷ
795 680 968 724 τεθνηκότι
995 681 1034 714 τὸ
1055 680 1138 722 ζῶον
1157 675 1257 714 οἶδεν.
1314 676 1478 712 ἀσύνετον
1495 673 1641 722 γαστήρ·

169 745 273 792 ταύτῃ
311 747 468 792 συνίεμεν
505 746 557 781 ὅτι
589 747 675 793 διψῇ
709 746 728 791 ἢ
759 748 867 790 πεινῇ.
939 748 1043 779 ταῦτα
1077 745 1234 789 μαντικῆς
1272 743 1390 788 τέχνης
1424 742 1477 776 καὶ
1514 738 1643 786 φύσιος

169 811 380 858 ἀνθρωπίνης
397 811 518 854 πάθεα,
534 813 626 847 τοῖσι
646 812 707 856 μὲν
720 812 953 857 γινώσκουσιν
971 810 1035 845 αιέὶ
1051 809 1170 856 ὀρθῶς,
1187 811 1278 843 τοῖσι
1299 808 1334 842 δέ
1349 807 1393 853 μὴ
1413 807 1642 853 γινώσκουσιν

111 887 151 909 10
169 875 233 910 αἰεὶ
251 875 378 910 ἄλλοτε
398 875 525 911 ἄλλως.

224 951 317 977 ΧΙΙΙ.
354 940 535 987 ιῘ·Σιδὴρου
569 941 694 987 ὄργανα
727 940 910 987 τέχνῃσιῆ·
955 942 1013 976 τὸν
1047 940 1186 986 σίδηρον
1223 938 1442 986 περιτὴκουσι
1481 934 1642 980 πνεύματι

170 1006 410 1053 ἀναγκάζοντες
427 1007 466 1041 τὸ
485 1009 564 1052 πῦρ,
593 1006 653 1050 τὴν
679 1007 902 1053 ὑπάρχουσαν
928 1006 1061 1053 τροφὴν
1086 1005 1319 1051 ἀφαιρέοντες,
1340 1003 1456 1050 ἀραιὸν
1482 1002 1518 1036 δὲ
1544 998 1641 1044 ποιή-

171 1086 292 1108 σαντες
311 1072 452 1107 παίουσι
480 1071 532 1105 καὶ
560 1071 836 1116 συνελαύνουσιν,
858 1070 980 1107 ὕδατος
1000 1071 1034 1105 δέ
1057 1071 1167 1105 ἄλλου
1193 1070 1306 1116 τροφῇ
1333 1068 1478 1114 ἰσχυρὸν
1504 1066 1640 1112 γίνεται.

170 1137 274 1172 ταύτὰ
303 1138 433 1183 πάσχει
467 1136 642 1183 ἅνθρωπος
672 1136 737 1172 ὑπὸ
770 1137 1006 1182 παιδοτρίβου·
1049 1136 1109 1180 τὴν
1141 1136 1365 1181 ὑπάρχουσαν
1397 1131 1530 1178 τροφὴν
1561 1130 1644 1176 πυρὶ

112 1213 150 1246 15
171 1202 370 1249 ἀφαιρέεται
384 1202 449 1237 ὑπὸ
464 1200 652 1247 πνεύματος
671 1201 947 1248 ἀναγκαζόμενος·
978 1200 1199 1248 ἀραιούμενος
1225 1195 1294 1250 [δέ]
1317 1200 1475 1234 κόπτεται
1489 1196 1644 1243 τρίβεται

171 1265 373 1315 καθαίρεται,
395 1267 526 1302 ὑδάτων
545 1267 581 1301 δέ
603 1267 762 1314 ἐπαγωγῇ
783 1266 933 1302 ἄλλοθεν
954 1267 1098 1313 ἰσχυρὸς
1117 1266 1255 1313 γίνεται.

224 1343 308 1369 XIV.
331 1333 396 1368 Καὶ
415 1333 447 1367 οἱ
465 1332 612 1379 γναφέες
631 1335 730 1367 τοῦτο
750 1331 1032 1380 διαπρήσσονται·
1049 1332 1261 1375 λακτίζουσι,
1278 1332 1473 1373 κόπτουσιν,
1489 1326 1643 1371 ἕλκουσι,

168 1400 407 1445 λυμαινόμενοι
436 1398 643 1444 ἰσχυρότερα
670 1397 838 1433 ποιέουσι·
870 1398 1037 1445 κείροντες
1069 1398 1112 1432 τὰ
1145 1396 1354 1443 ὑπερέχοντα
1383 1395 1436 1430 καὶ
1469 1394 1644 1441 παραπλέ-

173 1477 287 1501 κοντες
306 1464 435 1499 καλλίω
455 1463 626 1499 ποιέουσι.
686 1463 789 1497 ταύτὰ
809 1464 940 1509 πάσχει
961 1463 1153 1509 ὥνθρωπος.

113 1542 154 1564 20
226 1540 294 1566 XV.
326 1528 464 1565 Σκυτέες
491 1529 533 1563 τὰ
561 1528 626 1563 ὅλα
654 1529 736 1563 κατὰ
764 1528 869 1575 μέρεα
902 1528 1090 1574 διαιρέουσι
1120 1528 1172 1562 καὶ
1192 1527 1233 1562 τὰ
1253 1527 1356 1573 μέρεα
1384 1525 1450 1561 ὅλα
1477 1523 1645 1564 ποιέουσι,

172 1597 353 1640 τάμνοντες
384 1595 421 1629 δὲ
450 1595 504 1629 καὶ
536 1594 723 1630 κεντέοντες
755 1594 797 1628 τὰ
832 1593 945 1640 σαθρὰ
973 1593 1069 1640 ὑγιέα
1098 1592 1263 1629 ποιέουσι.
1324 1594 1376 1627 καὶ
1405 1591 1581 1639 ἅνθρωπος
1609 1590 1645 1624 δέ

172 1662 278 1697 ταύτὰ
296 1661 436 1707 πάσχει·
467 1661 503 1695 ἐκ
522 1663 588 1695 τῶν
608 1659 698 1694 ὅλων
716 1659 819 1706 μέρεα
840 1658 1018 1706 διαιρέεται
1039 1659 1093 1693 καὶ
1114 1659 1148 1693 ἐκ
1168 1662 1234 1693 τῶν
1252 1658 1381 1705 μερέων
1401 1656 1648 1702 συντιθεμένων

173 1727 239 1763 ὅλα
257 1727 394 1774 γίνεται,
415 1724 624 1771 κεντούμενοι
650 1725 686 1759 δέ
715 1725 768 1759 καὶ
795 1726 989 1770 τεμνόμενοι
1008 1724 1051 1758 τὰ
1080 1724 1193 1771 σαθρὰ
1223 1723 1289 1758 ὑπὸ
1313 1726 1380 1758 τῶν
1410 1722 1531 1769 ἰητρῶν
1552 1722 1647 1768 ὑγιά-

175 1795 296 1836 ζονται·
326 1793 380 1827 καὶ
406 1791 485 1826 τόδε
506 1791 661 1838 ἰητρικῆς,
681 1790 720 1825 τὸ
748 1790 877 1826 λυπέον
908 1790 1153 1825 ἀπαλλάσσειν
1172 1789 1225 1823 καὶ
1254 1786 1313 1835 ὑφ’
1336 1787 1376 1823 οὗ
1403 1787 1514 1824 πονέει
1543 1787 1648 1833 ἀφαι-

116 1868 155 1900 25
173 1857 294 1905 ρέοντα
313 1857 409 1905 ὑγιέα
427 1855 563 1893 ποιέειν,
620 1855 639 1900 ἡ
660 1854 770 1902 φύσις
795 1856 964 1901 αὐτομάτη
983 1855 1089 1890 ταύτὰ
1116 1855 1305 1890 ἐπίσταται·
1336 1853 1518 1899 καθήμενος
1536 1853 1647 1888 πονέει

174 1923 370 1969 ἀναστῆναι,
389 1921 578 1969 κινεύμενος
595 1921 707 1958 πονέει
727 1921 1004 1958 ἀναπαύσασθαι.
1056 1920 1109 1957 καὶ
1129 1921 1219 1955 ἄλλα
1238 1921 1279 1955 τὰ
1306 1920 1390 1955 αὐτὰ
1408 1921 1482 1966 ἔχει
1500 1919 1519 1963 ἡ
1540 1919 1650 1966 φύσις

175 1988 317 2036 ἰητρικῇ.

229 2064 316 2091 XVI.
345 2054 504 2090 Τέκτονες
522 2053 679 2101 πρίοντες
694 2056 712 2089 ὁ
728 2054 790 2099 μὲν
811 2053 906 2088 ὠθέει
928 2055 946 2088 ὁ
970 2053 1005 2087 δὲ
1026 2052 1132 2087 ἕλκει·
1155 2052 1265 2087 τωύτὸ
1284 2052 1390 2087 ποιέει
1409 2052 1433 2095 †
1449 2051 1651 2098 ἀμφοτέρως

175 2120 276 2167 φέρει
291 2120 325 2164 †.
383 2123 569 2166 τρυπῶσιν,
601 2121 619 2154 ὁ
647 2119 708 2165 μὲν
736 2118 842 2164 ἕλκει,
864 2121 882 2153 ὁ
912 2119 947 2153 δὲ
978 2118 1084 2153 ὠθέει·
1115 2119 1296 2161 πιεζόντων
1323 2117 1390 2152 ἅνω
1420 2117 1524 2164 ἕρπει,
1545 2119 1584 2152 τὸ
1613 2117 1649 2152 δέ

118 2199 158 2231 30
177 2186 276 2221 κάτω·
316 2185 397 2230 μείω
426 2184 596 2221 ποιέοντες
625 2184 733 2219 πλείω
762 2184 919 2220 ποιέουσι
950 2184 1004 2219 καὶ
1034 2181 1142 2219 πλείω
1171 2183 1342 2219 ποιέοντες
1370 2183 1452 2228 μείω
1480 2182 1648 2218 ποιέουσι·

176 2249 287 2298 φύσιν
323 2250 501 2297 ἀνθρώπου
534 2249 718 2295 μιμέονται.
775 2252 907 2294 πνεῦμα
941 2250 979 2284 τὸ
1012 2250 1074 2295 μὲν
1103 2248 1207 2293 ἕλκει,
1241 2249 1280 2283 τὸ
1318 2249 1354 2282 δὲ
1393 2247 1500 2282 ὠθέει·
1543 2248 1651 2283 τωύτὸ

226 2425 238 2447 1
257 2413 407 2456 γινώσκει
425 2413 474 2446 ΕΘ
490 2426 496 2446 z
520 2413 691 2455 γινώσκειν
708 2413 736 2444 L
780 2416 793 2455 Η
837 2423 852 2444 2
873 2415 919 2453 τῷ
933 2411 1078 2453 ἀσυνέτῳ
1095 2413 1208 2455 scripsi
1225 2424 1230 2444 :
1255 2411 1321 2444 τῶν
1335 2412 1499 2444 ἀσυνέτων
1515 2414 1543 2445 L
1559 2415 1649 2457 vulg.

181 2472 194 2507 ΙΙ
215 2477 232 2509 5
247 2465 397 2508 γινώσκει
415 2465 434 2499 Θ
450 2478 455 2498 :
481 2465 651 2507 γινώσκειν
668 2466 696 2496 L
713 2466 803 2507 vulg.
855 2469 866 2503 ΙΙ
918 2471 934 2506 7
952 2464 1116 2496 ἀποθανὼν
1133 2464 1151 2496 Θ
1168 2476 1173 2496 :
1199 2465 1262 2505 οὐχ
1278 2465 1294 2495 ὁ
1309 2464 1353 2505 μὴ
1369 2464 1412 2496 ὢν
1428 2464 1490 2496 ἀπὸ
1506 2465 1653 2503 θανάτου,

181 2519 261 2560 ζῶον
286 2517 320 2550 δὲ
345 2519 374 2550 L
401 2519 485 2551 coni.
499 2530 506 2549 z
542 2517 623 2550 διότι
654 2518 717 2559 οὐχ
750 2517 860 2557 ὅμοιον
890 2517 930 2548 rb
961 2517 1120 2549 ἀποθανὸν
1151 2519 1197 2559 τῷ
1229 2516 1337 2557 ζώοντι
1369 2519 1539 2550 Ermerins
1570 2519 1654 2550 coni.

183 2574 198 2609 ss
217 2580 252 2602 11
271 2570 346 2602 fort.
362 2569 432 2612 πυρὶ
447 2569 580 2610 τήκουσι
609 2574 621 2610 Η
660 2579 700 2611 14
716 2569 819 2601 ταύτὰ
835 2570 1006 2601 Ermerins
1023 2582 1028 2601 :
1054 2570 1156 2601 ταῦτα
1171 2570 1200 2601 L
1218 2570 1307 2611 vulg.
1339 2573 1351 2608 ll
1388 2570 1427 2601 16
1445 2570 1596 2612 ἔπαγωγῆ
1612 2570 1630 2602 θ
1646 2583 1652 2602 :

181 2622 336 2664 ὑπαγωγῇ
361 2622 391 2653 L
438 2625 451 2661 ll
507 2628 545 2663 17
571 2622 670 2653 τοῦτο
697 2621 735 2654 Θ;
773 2621 877 2653 τωύτὸ
902 2622 930 2653 L
989 2625 1001 2660 Η
1064 2633 1102 2664 19
1126 2621 1228 2653 ταύτὰ
1251 2622 1440 2654 Ermerins:
1477 2623 1579 2654 ταῦτα
1605 2622 1655 2655 Lo

186 2677 199 2713 n
219 2672 357 2713 2οικατὰ
372 2674 482 2715 vulg.:
507 2674 559 2705 καὶ
575 2673 619 2705 τὰ
634 2673 715 2706 LEO
762 2678 774 2713 ΙΙ
823 2684 862 2705 22
888 2673 992 2705 ταύτὰ
1008 2674 1144 2716 scripsi:
1169 2674 1271 2705 ταῦτα
1287 2672 1326 2705 Θ;
1350 2673 1454 2705 τωύτὸ
1470 2675 1499 2706 L
1549 2679 1563 2714 11
1615 2685 1630 2706 2
1637 2685 1655 2716 3

184 2723 368 2766 ὑγιάζονται
385 2725 554 2757 Ermerius
569 2737 575 2757 τ
602 2725 802 2767 ὖγιαίνονται
819 2725 870 2757 καὶ
890 2724 958 2765 ζώει
977 2726 1069 2768 vulg.
1086 2737 1092 2757 z
1117 2725 1311 2767 ὑγιαίνονται
1328 2725 1376 2758 Lo
1410 2730 1422 2765 {l
1454 2737 1492 2769 25
1510 2727 1611 2758 ταῦτα
1626 2727 1655 2758 L

184 2777 275 2818 vulg.
324 2782 337 2816 11
389 2777 429 2808 26
452 2776 494 2808 τὰ
515 2776 598 2809 αὐτὰ
621 2778 759 2820 scripsi:
784 2776 827 2809 τὰ
848 2778 982 2810 τοιαῦτα
1005 2777 1045 2810 Θ;
1070 2779 1204 2810 τοιαῦτα
1227 2779 1255 2810 L
1272 2779 1362 2820 vulg.
1411 2784 1424 2819 Η
1478 2786 1516 2820 27
1533 2780 1658 2822 ἰητρικῇ

186 2827 301 2870 scripsi
317 2840 323 2860 :
349 2828 491 2870 ἰητρικῆς
506 2829 536 2861 L
551 2831 643 2872 vulg.
686 2835 698 2870 ΙΙ
749 2831 791 2862 28
809 2829 906 2862 ποιέει
923 2831 952 2862 Ε
972 2842 977 2862 :
1002 2829 1164 2862 ποιέοντες
1180 2829 1198 2862 Θ
1214 2842 1219 2862 :
1245 2830 1363 2862 ποιέειν
1379 2831 1408 2862 L
1448 2834 1460 2870 ΙΙ
1511 2841 1550 2873 29
1566 2831 1656 2872 φέρει

188 2891 253 2915 om.
268 2878 287 2912 θ
333 2883 345 2918 ΙΙ
396 2889 431 2921 31
451 2879 548 2922 φύσιν
564 2880 582 2913 Θ
599 2894 604 2913 :
630 2881 728 2923 φύσιν
743 2893 780 2913 τε
797 2883 826 2914 L
842 2882 935 2923 vulg.
983 2886 994 2921 ΙΙ
1042 2882 1081 2913 τὸ
1096 2882 1123 2914 δ’
1139 2881 1217 2914 αὐτὸ
1233 2882 1352 2914 ποιέειν
1369 2883 1398 2914 L

883 2947 906 2975 F
