1893 3230
672 697 1208 746 PRAEFATIO.

254 871 320 910 Ex
351 885 426 923 quo
459 871 782 911 Schleiermacher
809 872 946 923 primis
979 873 1094 911 huius
1126 872 1268 911 saeculi
1302 871 1411 910 annis
1446 870 1669 910 Heraclitea

201 937 356 988 collegit
386 938 570 988 permulti
599 938 815 976 extiterunt
843 939 910 989 qui
934 938 1060 977 obiter
1087 952 1130 976 ea
1157 939 1321 988 dataque
1347 938 1540 976 occasione
1569 936 1668 975 adti-

201 1002 355 1054 gerint:
395 1003 470 1041 duo
494 1007 625 1041 autem
652 1017 808 1054 operam
837 1009 1029 1042 navarunt
1057 1007 1102 1042 ut
1131 1004 1178 1042 de
1206 1003 1386 1042 universo
1415 1002 1667 1052 reliquiarum

202 1080 361 1117 corpore
399 1068 629 1106 dissererent
665 1069 697 1105 F
701 1068 934 1106 erdinandus
973 1068 1185 1106 Lassallius
1215 1081 1258 1105 ac
1296 1067 1436 1105 Paulus
1475 1066 1668 1112 Schuster,

202 1133 301 1170 alter
331 1133 525 1171 litteratus
554 1133 667 1171 homo
696 1138 734 1171 et
764 1146 949 1183 perquam
978 1132 1210 1183 ingeniosus,
1240 1132 1303 1170 hic
1330 1131 1387 1169 rei
1415 1130 1668 1181 philologicae

201 1197 373 1248 peritior,
395 1198 459 1248 qui
482 1198 523 1235 id
540 1199 786 1248 potissimum
807 1198 886 1248 egit
907 1203 951 1236 ut
977 1198 1204 1247 fragmentis
1233 1198 1281 1235 ad
1305 1197 1473 1247 priscum
1494 1196 1668 1234 ordinem

201 1262 418 1301 coniectura
437 1263 600 1301 redactis
626 1268 741 1314 atque
761 1264 865 1301 unde
891 1263 993 1301 unde
1017 1262 1205 1313 suppletis
1231 1262 1374 1313 species
1401 1261 1670 1300 conciliaretur

200 1327 416 1382 Heraclitei
435 1328 537 1367 libri.
595 1329 648 1367 Et
676 1329 781 1367 inter
799 1328 1003 1366 historicos
1033 1328 1156 1365 Zeller
1184 1328 1373 1365 rationem
1400 1326 1592 1364 Heracliti
1621 1340 1669 1363 ex

200 1393 428 1444 fragmentis
464 1398 718 1444 veterumque
758 1393 993 1432 testimoniis
1033 1393 1255 1431 restitutam
1298 1393 1408 1430 docte
1451 1396 1490 1429 et
1528 1391 1670 1429 diserte

200 1460 392 1510 exposuit.
451 1460 526 1498 Sed
559 1464 618 1498 est
651 1459 749 1497 mihi
776 1459 980 1510 praecipue
1014 1459 1285 1496 memorandus
1308 1458 1474 1496 1acobus
1500 1458 1668 1506 Bernay-

200 1525 291 1572 sius,
326 1525 579 1575 investigator
617 1525 928 1563 Heracliteorum
966 1524 1232 1574 interpresque
1270 1523 1561 1574 sagacissimus3
1602 1522 1669 1572 qui

201 1589 319 1628 etiam
359 1590 555 1640 Epistolas
595 1590 795 1628 Heraclito
832 1589 1048 1640 suppositas
1088 1589 1280 1627 recensuit
1321 1588 1669 1638 commentarioque

200 1655 405 1694 exornavit
425 1656 575 1705 qualem
594 1656 643 1693 ab
661 1669 740 1693 uno
761 1655 971 1705 Bernaysio
993 1655 1162 1704 accipere
1183 1654 1357 1692 solemus.

255 1721 408 1760 Novam
447 1720 757 1759 Heracliteorum
805 1720 1014 1758 editionem
1053 1733 1140 1757 cum
1181 1719 1392 1769 aggredior,
1433 1722 1471 1756 et
1509 1731 1592 1756 rem
1636 1720 1676 1755 et

201 1789 376 1835 tempora
404 1785 572 1824 arbitror
599 1786 796 1836 postulare
824 1790 869 1824 ut
897 1785 937 1822 id
967 1785 1044 1822 fere
1073 1785 1115 1821 in
1137 1784 1337 1821 Heraclito
1367 1783 1434 1821 fiat
1463 1783 1566 1833 quod
1592 1783 1669 1820 iam

201 1850 242 1888 in
266 1851 392 1888 Ennio
420 1854 459 1888 et
485 1851 640 1888 scenicis
666 1850 856 1888 Romanis
882 1849 1023 1888 summi
1050 1849 1123 1887 viri
1143 1849 1344 1889 Vahlenus
1369 1853 1407 1886 et
1435 1848 1671 1886 Ribbeckius

200 1916 386 1953 fecerunt.
444 1915 620 1964 Quorum
659 1916 834 1966 exemplo
873 1915 971 1953 hanc
1009 1914 1132 1952 libelli
1171 1914 1247 1951 mei
1280 1913 1443 1951 formam
1475 1912 1670 1951 constitui.

201 1980 332 2018 Primo
352 1981 435 2018 loco
454 1981 670 2031 fragmenta
689 1981 801 2031 posui
828 1968 970 2031 absque
997 1980 1096 2018 mole
1124 1979 1440 2029 disputationum,
1463 1978 1598 2016 ordine
1626 1992 1671 2016 eo

201 2059 313 2096 quem
333 2045 381 2083 ad
400 2059 542 2083 nexum
572 2046 852 2084 sententiarum
879 2046 973 2084 satis
1002 2045 1232 2096 respondere
1259 2044 1537 2082 credidi—non
1564 2044 1672 2094 equi-

201 2111 287 2149 dem
308 2111 467 2162 ignarus
487 2112 533 2149 de
553 2125 594 2150 re
613 2116 694 2150 tam
715 2112 832 2149 dubia
853 2111 1031 2149 statuisse
1056 2111 1151 2148 alios
1171 2110 1285 2148 aliter
1305 2114 1343 2147 et
1361 2122 1472 2159 posse
1493 2111 1672 2147 statuere.

201 2176 277 2214 His
300 2176 499 2214 subiacent
523 2177 745 2215 testimonia
764 2182 937 2215 veterum
961 2180 1000 2214 et
1027 2175 1217 2226 quidquid
1240 2174 1358 2212 habui
1378 2173 1483 2224 quod
1502 2173 1673 2211 firmaret

200 2241 415 2279 infirmaret
436 2242 793 2292 quomodocumque
815 2242 1025 2280 illustraret
1045 2242 1350 2291 fragmentorum
1370 2239 1496 2277 fidem.
1541 2238 1672 2276 Tertio

201 2307 284 2344 loco
313 2307 602 2345 adnotationem
631 2307 803 2345 criticam
833 2307 921 2345 dedi
950 2320 1065 2357 quam
1094 2305 1358 2343 brevissimam
1373 2318 1382 2352 3
1413 2304 1523 2342 cuius
1545 2304 1672 2341 brevi-

201 2371 297 2410 tatis
324 2371 573 2410 meminerint
591 2373 707 2411 velim
729 2372 761 2410 si
782 2372 848 2422 qui
868 2372 1115 2410 mirabuntur
1143 2384 1204 2408 me
1233 2383 1310 2407 non
1339 2382 1470 2406 omnes
1500 2368 1673 2406 omnium

200 2436 402 2487 opiniones
422 2451 464 2474 ac
484 2437 720 2488 suspiciones
740 2437 782 2474 in
802 2437 948 2475 notulis
969 2435 1326 2475 commemoravisse
1339 2435 1362 2473 ¹.

174 2544 192 2557 ²
245 2544 256 2563 ¹
278 2546 429 2578 Iudicem
452 2547 578 2578 subicio
602 2557 715 2578 eorum
733 2547 792 2588 qui
815 2547 876 2578 hoc
900 2546 1032 2578 saeculo
1047 2545 1251 2577 Heracliteis
1268 2543 1419 2575 criticam
1442 2553 1576 2585 operam
1599 2553 1673 2574 con-

200 2597 372 2638 tulerunt3
409 2599 604 2640 praecipuos
634 2601 767 2630 tantum
797 2599 1095 2630 memoro:—Th.
1127 2597 1252 2638 Bergk,
1288 2597 1339 2636 (1)
1373 2595 1569 2626 Exercitatt.
1598 2595 1671 2626 crit.

199 2659 285 2691 spec.
307 2649 352 2682 vi.
375 2661 407 2691 p.
432 2660 451 2692 9
482 2651 573 2691 (Iud.
596 2651 672 2682 lect.
697 2651 765 2681 hib.
794 2650 972 2692 Marburg.
1005 2651 1129 2690 1850);
1167 2650 1218 2690 (2)
1246 2649 1288 2679 ad
1311 2648 1451 2679 Aristot.
1476 2646 1516 2677 de
1543 2646 1674 2678 Mundo

201 2701 292 2741 (Iud.
309 2701 409 2733 schol.
422 2701 490 2733 hjb.
508 2702 587 2733 Hal.
607 2701 728 2743 1861);
755 2702 806 2743 (3)
823 2702 866 2733 ad
882 2702 992 2744 Lyric.
1010 2702 1126 2733 Graec.
1145 2712 1178 2742 p.
1199 2709 1259 2743 792
1278 2701 1328 2731 ed.
1346 2698 1498 2732 tert.—I.
1514 2698 1674 2739 Bernays,

201 2753 254 2792 (1)
278 2753 314 2783 in
337 2753 559 2785 Heracliteis:
584 2754 700 2795 partic.
724 2754 764 2785 i.:
801 2754 908 2786 Bonn.
933 2754 1038 2795 18483
1063 2754 1116 2794 (2)
1133 2754 1223 2784 Mus.
1245 2752 1353 2783 Rhen.
1369 2751 1414 2782 N.
1431 2751 1464 2782 S.
1483 2751 1538 2782 vii.
1559 2761 1591 2791 p.
1609 2759 1672 2791 903

201 2803 254 2843 (3)
272 2804 362 2835 Mus.
379 2805 488 2837 Rhen.
503 2806 550 2837 N.
565 2806 597 2837 S.
611 2807 655 2836 ix.
672 2817 704 2847 p.
726 2815 783 2847 241
800 2819 807 2843 ;
835 2806 886 2846 (4)
905 2806 1011 2847 Epist.
1031 2806 1153 2837 Critica
1169 2816 1221 2846 ap.
1238 2805 1384 2835 Bunsen.
1399 2802 1554 2834 Analect.
1566 2803 1673 2833 Ante-

202 2854 281 2886 Nic.
299 2858 324 2887 t.
343 2865 380 2896 3;
407 2857 458 2897 (5)
475 2857 719 2898 Theophrastos
735 2858 819 2889 fiber
835 2858 1076 2899 Fro'mmigkeit
1091 2869 1122 2899 p.
1142 2867 1204 2899 190
1217 2868 1226 2896 3
1252 2856 1303 2898 (6)
1321 2856 1386 2887 Die
1401 2854 1672 2886 Heraklitisehen

203 2905 333 2943 Briefe:
367 2908 477 2940 Berol.
506 2908 671 2951 1869—0.
695 2910 736 2941 G.
764 2910 877 2950 Cobet,
906 2912 957 2951 (1)
986 2911 1150 2942 Mnemos.
1174 2914 1199 2942 t.
1226 2909 1270 2940 ix.
1295 2920 1325 2950 p.
1354 2915 1439 2949 437;
1475 2907 1526 2948 (2)
1554 2905 1672 2946 Λογίου

205 2955 320 2997 Ἑρμοῦ
342 2962 366 2991 t,
389 2960 410 2991 i.
434 2971 468 3002 p.
488 2962 568 3001 187;
598 2962 650 3003 (3)
678 2962 820 2994 Miscell.
848 2963 930 2994 crit.
953 2973 985 3004 p.
1006 2963 1197 3003 135—Max
1220 2961 1356 2998 Heinze,
1379 2960 1443 2991 Die
1466 2959 1574 2990 Lehre
1594 2969 1670 2994 vom
