1893 3230
770 242 873 272 ΠΕΡΙ
903 242 1092 273 ΦΥΣΕΩΣ.’
1613 237 1662 271 25

198 357 385 410 ἁρμονίαν
401 361 477 399 τῶν
498 359 613 408 ὅλων,
629 359 842 410 οἰκονομῶν
860 361 907 399 τὰ
928 357 1191 410 συμφέροντα,
1207 357 1304 409 ὅπερ
1323 354 1661 408 καὶἝΙράκλειτος

198 425 318 478 λέγει,
349 427 399 469 ὡς
428 427 480 482 τῷ
511 428 583 478 μὲν
604 428 679 482 θεῷ
702 428 805 467 καλὰ
825 427 951 468 πάντα
977 428 1040 467 καὶ
1071 427 1199 479 ἀγαθὰ
1221 425 1284 466 καὶ
1303 425 1446 475 δίκαια,
1464 425 1661 477 ἄνθρωποι

198 495 239 534 δὲ
261 494 285 534 δι
305 496 377 546 μὲν
397 495 510 536 ἄδικα
530 494 815 547 ὑπειλήφασιν,
838 495 863 536 ἃ
884 496 925 535 δὲ
948 495 1088 535 δίκαια.

860 610 1003 652 LXII.

199 699 373 746 Εἶόἐναι
407 700 493 764 χρὴ
521 699 600 746 τὸν
633 700 829 755 πόλεμον
860 701 989 746 ἐόντα
1025 700 1159 763 ξυνόν,
1192 700 1261 745 καὶ
1299 699 1411 754 δίκην
1445 700 1547 763 ἔριν·
1591 720 1660 744 και

199 775 400 835 γινόμενα
426 774 572 821 πάντα
597 774 692 820 κατ’
715 776 803 839 ἔριν
827 775 895 820 καὶ
921 778 943 823 †
959 776 1181 838 χρεώμενα
1198 778 1232 821 †.

844 899 1018 940 LXIII.

185 987 334 1034 ’'Eo-Tc
360 987 450 1052 γὰρ
475 990 708 1052 εἱμαρμένα
735 987 906 1039 πάντως
945 992 971 1017 “¹ss
1009 992 1035 1017 5ss
1072 992 1097 1017 ᾗ
1136 991 1176 1036 ’'ss.

848 1104 924 1145 LX
931 1105 1011 1146 IV.

198 1193 398 1245 Θάνατός
430 1196 526 1241 ἐστι
558 1195 695 1240 ὁκόσα
728 1195 977 1258 ἐΎΕΡΘέΙΙΤΕς
1009 1195 1202 1258 ὁρέομεν,
1226 1194 1366 1239 ὁκόσα
1399 1192 1444 1240 δὲ
1474 1193 1664 1244 ΕῧὸΟνΤΕς

195 1268 335 1319 1‘1'71’1105'.

249 1449 351 1476 an.
382 1438 571 1489 Origenes
600 1443 699 1477 cont.
727 1438 827 1476 Cels.
863 1438 913 1476 vi.
951 1451 1012 1485 42,
1041 1451 1076 1488 p.
1102 1450 1176 1487 312
1210 1436 1247 1489 (e
1277 1436 1430 1488 Celso):
1475 1439 1565 1474 θεῖόν
1588 1454 1663 1474 τινα

194 1507 348 1550 πόλεμον
373 1506 584 1541 αἰνίττεσθαι
612 1506 692 1541 τοὺς
720 1504 896 1549 παλαιούς,
916 1505 1141 1552 Ἡράκλειτον
1168 1505 1229 1545 μὲν
1257 1504 1402 1552 λέγοντα
1431 1505 1508 1539 ὧδε·
1556 1506 1597 1540 Ei
1626 1505 1663 1539 δέ

194 1571 261 1617 χρὴ
280 1572 340 1606 τὸν
359 1573 510 1615 πόλεμον
528 1572 625 1605 ἐόντα
644 1570 744 1614 ξυνὸν
763 1571 814 1605 καὶ
835 1569 928 1614 δίκην
948 1570 1045 1617 ἐρεῖν·
1067 1571 1120 1604 καὶ
1138 1572 1296 1617 γινόμενα
1315 1571 1423 1605 πάντα
1438 1568 1509 1604 κατ’
1524 1570 1594 1615 ἔριν
1610 1570 1664 1604 καὶ

194 1635 578 1685 χρεώμενα-Βθερίο.
600 1634 831 1672 Plutarchus
851 1634 898 1671 de
919 1633 996 1671 Sol.
1017 1634 1169 1671 animal.
1190 1643 1224 1682 7,
1240 1647 1275 1683 p.
1296 1635 1372 1681 964
1389 1645 1397 1670 :
1431 1634 1665 1679 Ἐμπεδοκλῆς

194 1703 247 1736 καὶ
265 1701 487 1748 “Ηράκλειτος·
509 1730 516 1738 .
539 1730 546 1738 .
570 1730 577 1738 .
600 1729 607 1737 .
628 1702 795 1737 πολλάκις
823 1701 1020 1747 ὀδυρόμενοι
1049 1702 1101 1735 καὶ
1128 1701 1364 1746 λοιδοροῦντες
1392 1701 1452 1745 τὴν
1480 1699 1591 1746 φύσιν
1619 1701 1664 1736 ὡς*

193 1767 338 1814 ἀνάγκην
358 1768 410 1802 καὶ
432 1769 585 1810 πόλεμον
605 1765 724 1807 οὖσαν,
746 1766 864 1813 ἀμιγὲς
892 1767 928 1801 δέ
957 1767 1060 1812 μηδὲν
1087 1766 1163 1811 μηδ’
1185 1766 1360 1812 εἰλικρινές
1389 1767 1548 1812 ἔχουσαν,
1570 1766 1662 1800 ἀλλὰ

195 1832 250 1867 διὰ
279 1835 421 1867 πολλῶν
449 1833 590 1867 κάδίκων
618 1832 734 1867 παθῶν
761 1832 1009 1878 περαινομένην·
1058 1831 1144 1866 ὅπου
1173 1832 1226 1865 καὶ
1253 1831 1313 1875 τὴν
1340 1831 1476 1877 γένεσιν
1503 1831 1605 1874 αὐτὴν
1625 1831 1663 1874 ἐξ

193 1897 322 1933 ἀδικίας
355 1899 600 1944 συντυγχάνειν
627 1899 781 1944 λέγουσι,
812 1899 860 1945 τῷ
890 1897 998 1945 θνητῷ
1033 1896 1282 1943 συνερχομένου
1310 1898 1370 1930 τοῦ
1399 1896 1578 1937 ἀθανάτου,
1609 1897 1663 1930 καὶ

191 1963 377 2008 τέρπεσθαι
397 1964 436 1997 τὸ
455 1965 634 2010 γενόμενον
652 1964 744 2009 παρὰ
769 1960 880 2009 φύσιν
908 1963 1032 2006 μέλεσι
1060 1965 1120 1997 τοῦ
1148 1961 1374 2009 γεννήσαντος
1402 1961 1662 2006 ἀποσπωμένοις

194 2024 373 2077 (Emped.
406 2040 442 2065 v.
483 2039 554 2073 142
588 2029 627 2064 et
655 2027 731 2076 369
765 2025 1154 2077 Stein.)—Di0genes
1186 2025 1317 2063 Laer'n.
1350 2024 1402 2063 ix.
1434 2027 1481 2062 8:
1526 2029 1592 2061 τῶν
1630 2024 1662 2060 δ’

193 2093 348 2128 ἐναντίων
365 2094 405 2128 τὸ
425 2094 485 2138 μὲν
506 2093 559 2128 ἐπὶ
578 2093 638 2137 τὴν
656 2093 792 2140 γένεσιν
813 2092 897 2139 ἄγον
925 2093 1103 2128 καλεῖσθαι
1132 2095 1284 2138 πόλεμον
1312 2092 1365 2126 καὶ
1394 2092 1474 2138 ἔριν,
1493 2092 1532 2126 τὸ
1552 2090 1583 2126 δ’
1605 2092 1665 2126 ἐπὶ

192 2159 252 2203 τὴν
270 2157 462 2205 ἐκπύρωσιν
481 2158 665 2205 ὁμολογίαν
684 2159 736 2192 καὶ
756 2157 894 2204 εἰρήνην.

248 2233 366 2260 LXIII.
397 2222 581 2260 Stobaeus
612 2222 694 2260 Ecl.
730 2221 755 2260 i.
788 2233 822 2270 5,
852 2236 888 2272 p.
924 2224 1019 2270 1782
1062 2223 1283 2270 εΗράκλειτος·
1311 2224 1432 2258 οὐσίαν
1464 2221 1662 2269 εἱμαρμένης

193 2289 391 2336 ἀπεφήνατο
428 2291 535 2336 λόγον
570 2290 629 2323 τὸν
659 2289 713 2323 διὰ
751 2290 871 2325 οὐσίας
897 2291 1051 2334 <τῆς>
1078 2293 1138 2324 τοῦ
1171 2290 1296 2325 παντὸς
1325 2288 1489 2333 διήκοντα·
1519 2287 1601 2332 αὕτη
1632 2287 1662 2322 δ’

194 2355 269 2390 ἐστὶ
298 2355 337 2389 τὸ
370 2355 516 2400 αἰθέριον
546 2357 655 2399 σῶμα,
691 2355 828 2400 σπέρμα
860 2356 918 2399 τῆς
950 2357 1009 2389 τοῦ
1039 2355 1163 2390 παντὸς
1195 2354 1373 2401 γενέσεως·
1417 2354 1470 2388 καὶ
1499 2353 1661 2399 περιόδου

192 2420 316 2466 μέτρον
351 2420 562 2467 τεταγμένης.
614 2420 722 2455 πάντα
760 2420 796 2454 δὲ
835 2419 908 2454 καθ’
945 2420 1151 2466 εἱμαρμένην,
1190 2420 1251 2463 τὴν
1287 2418 1315 2453 δ’
1354 2419 1459 2463 αὐτὴν
1495 2419 1660 2464 ὑπάρχειν

194 2486 246 2520 καὶ
274 2485 428 2531 ἀνάγκην·
466 2487 594 2532 γράφει
621 2487 715 2532 γοῦν·
745 2483 850 2520 ’Ἔστι
878 2486 944 2532 γὰρ
973 2484 1152 2532 εἱμαρμένη
1181 2486 1313 2521 πάντως
1342 2483 1485 2535 (cetera
1513 2482 1662 2520 deside-

192 2548 356 2599 rantur).

249 2626 358 2652 wa.
402 2615 578 2653 Clemens
606 2614 719 2652 Alex.
750 2615 887 2653 Strom.
919 2614 972 2652 iii.
996 2627 1029 2663 3,
1059 2628 1095 2664 p.
1119 2624 1222 2662 520:
1253 2615 1330 2661 οὐχὶ
1359 2616 1412 2650 καὶ
1438 2614 1661 2661 Ἡράκλειτος

195 2682 336 2717 θάνατον
355 2682 414 2727 τὴν
431 2681 565 2729 γένεσιν
584 2683 688 2727 καλεῖ,
710 2682 896 2729 Πυθαγόρᾳ
914 2696 952 2716 τε
971 2683 1024 2717 καὶ
1042 2684 1090 2730 τῷ
1107 2682 1143 2717 ἐν
1161 2680 1285 2728 Γοργίᾳ
1304 2681 1470 2727 Σωκράτει
1490 2680 1660 2726 ἐμφερῶς,

238 2818 322 2841 LXII.
347 2809 459 2842 εἰδέναι
475 2811 772 2842 Sehleiermacher:
799 2811 826 2841 εἷ
843 2809 876 2841 δὲ
893 2810 986 2851 vulg.
1027 2813 1040 2852 Η
1060 2809 1147 2850 δίκην
1163 2809 1226 2851 ἔριν
1241 2808 1543 2841 Schleiermacher:
1569 2807 1659 2848 δίκην

194 2863 274 2904 ἐρεῖν
287 2863 376 2903 vulg.
413 2865 426 2903 11
444 2862 690 2904 καταχρεὼμενα
706 2863 863 2895 Schuster
876 2874 882 2894 :
906 2861 1097 2903 φθειρόμενα
1110 2863 1262 2894 Mullach
1277 2874 1283 2893 z
1308 2862 1384 2893 fort.
1399 2860 1567 2902 κρινόμενα
1583 2860 1657 2892 coll.

195 2915 293 2956 ΤΙ-ας.
310 2915 348 2945 fr.
365 2914 474 2955 adesp.
494 2925 557 2956 429
574 2916 706 2946 Nauck.
722 2927 727 2946 ;
753 2914 858 2956 χρόνῳ
875 2914 915 2945 τὰ
931 2914 1034 2945 πάντα
1049 2914 1196 2955 γίγνεται
1213 2913 1264 2946 καὶ
1280 2913 1430 2955 κρίνεται.

240 2975 339 2998 anI.
365 2966 533 3007 εἱμαρμένα
549 2967 683 2998 Stobaei
700 2967 769 2998 cod.
790 2968 843 2998 A:
869 2966 1038 3008 εἱμαρμένη
1055 2967 1143 3007 vulg.
