1893 3230
705 241 919 270 APPENDIX
939 251 996 260 —
1017 241 1075 269 1v.
1567 231 1618 266 69

618 791 685 833 IV
700 817 756 824 —
775 790 1161 833 HERACLITEA

427 945 481 973 EX
513 932 703 974 LUCIAM
733 932 939 973 VITARUM
970 927 1180 973 AUCTIONE
1211 943 1248 973 c.
1285 945 1349 984 14.

214 1122 410 1153 ΩΝΗΤΗΣ.
443 1117 488 1152 Σὺ
517 1118 552 1152 δὲ
577 1118 610 1152 τί
639 1117 759 1162 κλάεις,
786 1117 812 1152 ὦ
840 1117 1003 1160 βέλτιστε
1018 1129 1027 1163 ;
1062 1117 1153 1153 πολὺ
1181 1117 1247 1164 γὰρ
1277 1113 1369 1162 οἶμαι
1398 1116 1537 1152 κάλλιον
1566 1117 1624 1152 σοὶ

157 1183 719 1228 προσλαλεῖν-ΗΡΑΚΛΕΙΤΟΣ.
751 1182 890 1229 ἡγεόμαι
909 1182 986 1229 γάρ,
1003 1182 1029 1216 ὦ
1049 1184 1147 1228 ξεῖνε,
1172 1183 1213 1217 τὰ
1233 1181 1429 1228 ἀνθρωπήϊα
1443 1181 1624 1228 πρήγματα

158 1247 274 1294 ὀϊζυρὰ
293 1248 346 1282 καὶ
369 1247 571 1294 δακρυώδεα,
593 1249 646 1282 καὶ
668 1248 766 1282 οὐδέν
785 1247 911 1282 αὐτέων
937 1247 956 1282 ὅ
974 1262 1006 1282 τι
1025 1247 1069 1293 μὴ
1094 1247 1259 1293 ἐπίκηρον·
1289 1249 1336 1295 τῷ
1356 1247 1396 1292 δὴ
1416 1245 1568 1293 οἰκτείρω
1587 1261 1624 1282 τε

159 1312 272 1359 σφέας
304 1313 358 1348 καὶ
387 1311 560 1360 ὀδύρομαι.
618 1314 671 1348 καὶ
703 1313 744 1347 τὰ
777 1313 837 1358 μὲν
869 1314 1039 1358 παρεόντα
1069 1314 1108 1348 οὐ
1141 1312 1243 1347 δοκέω
1277 1312 1420 1359 μεγάλα,
1455 1313 1497 1347 τὰ
1529 1311 1558 1347 δ’
1590 1312 1626 1347 ἐν

121 1389 139 1420 5
159 1378 293 1427 ὑστέρῳ
320 1380 434 1427 χρόνῳ
465 1379 609 1424 ἐσόμενα
636 1377 775 1424 πάμπαν
803 1377 928 1424 ἀνιηρά,
952 1378 1050 1425 ’λέγω
1084 1378 1121 1413 δὲ
1149 1379 1208 1414 τὰς
1241 1378 1455 1425 ἐκπυρώσιας
1484 1378 1538 1413 καὶ
1565 1377 1626 1422 τὴν

159 1447 219 1480 τοῦ
247 1443 331 1479 ὅλου
361 1444 556 1491 συμφορήν.
624 1446 730 1479 ταῦτα
759 1443 932 1491 ὀδύρομαι,
964 1445 1017 1479 καὶ
1051 1443 1103 1479 ὅτι
1131 1444 1276 1490 ἔμπεδον
1303 1443 1410 1488 οὐδέν,
1440 1442 1532 1478 ἀλλά
1560 1458 1625 1479 κως

159 1509 193 1546 ἐς
212 1514 357 1545 κυκεῶνα
381 1511 423 1545 τὰ
448 1509 556 1545 πάντα
584 1511 826 1555 συνειλέονται,
847 1510 900 1545 καὶ
923 1510 1000 1545 ἔστι
1025 1510 1133 1544 τωύτὸ
1159 1510 1284 1556 τέρψις
1309 1509 1466 1555 ἀτερψίη,
1498 1511 1625 1555 γνῶσις

159 1574 320 1621 ἀγνωσίη,
348 1575 435 1622 μέγα
462 1577 588 1621 μικρόν,
620 1575 687 1609 ἰίνω
717 1576 805 1610 κάτω
833 1577 1086 1621 περιχωρεῦντα
1119 1575 1172 1609 καὶ
1201 1575 1404 1621 ἀμειβόμενα
1433 1574 1468 1609 ἐν
1495 1576 1536 1619 τῇ
1564 1576 1625 1609 τοῦ

159 1641 278 1677 αἰῶνος
307 1641 565 1686 παιδιῇ.--ΩΝ.
594 1639 629 1676 τί
658 1641 724 1687 γὰρ
758 1642 776 1674 ὁ
810 1640 891 1674 αἰών
918 1640 1227 1681 ἐστιν;-ΗΡΑΚ.
1258 1642 1337 1677 παῖς
1368 1640 1504 1685 παίζων,
1538 1654 1624 1675 πεσ-

101 1723 141 1745 10
160 1705 278 1751 σεύων,
309 1707 696 1753 διαφερόμενος.-ΩΝ.
736 1706 768 1741 τί
796 1707 832 1741 δέ
861 1707 892 1740 οἱ
920 1706 1305 1752 ἅνθρωποι;--ΗΡΑΚ.
1348 1706 1419 1741 θεοὶ
1447 1703 1626 1750 θνητοί.-

159 1778 234 1809 ΩΝ.
264 1773 299 1807 τί
324 1773 360 1807 δέ
386 1774 417 1807 οἶ
447 1772 519 1807 θεοί
534 1777 736 1818 ;—HPAK.
767 1771 937 1818 ἅνθρωποι
965 1771 1267 1808 ἀθάνατοι.-ΩΝ.
1298 1769 1477 1818 αἰνίγματα
1502 1770 1624 1818 λέγεις,

159 1838 185 1873 ὦ
212 1838 321 1883 οὗτος,
347 1837 366 1883 ἢ
390 1838 538 1884 γρίφους
565 1837 755 1882 συντιθεῖς;
786 1837 933 1883 ἀτεχνῶς
961 1838 1038 1884 γάρ,
1067 1838 1185 1883 ὥσπερ
1216 1839 1234 1871 ὁ
1262 1837 1394 1882 Λοξίας,
1416 1837 1513 1871 οὐδέν
1542 1837 1624 1871 ἀπο-

159 1905 485 1950 σαφεῖς.-Ι-1ΡΑΚ.
515 1903 611 1937 οὐδὲν
637 1902 703 1949 γάρ
732 1917 788 1945 μοι
817 1901 913 1947 μέλει
942 1902 1193 1947 ὑμέων.-ΩΝ.
1224 1904 1403 1949 τοιγαροῦν
1431 1902 1508 1936 οὐδὲ
1538 1901 1621 1947 ὠνή-

159 1967 260 2004 σεταί
276 1984 318 2004 σε
339 1983 390 2004 τις
409 1966 447 2003 εὖ
475 1969 819 2014 φρονῶν.-ΠΡΑΚ.
851 1967 917 2014 ἐγὼ
947 1968 983 2002 δὲ
1010 1966 1168 2013 κελέομαι
1191 1969 1279 2003 πᾶσι
1309 1967 1434 2012 ἡβηδὸν
1461 1967 1623 2013 οἰμώζειν,

102 2048 139 2081 15
157 2037 248 2070 τοῖσι
277 2034 503 2080 ὠνεομένοισι,
535 2029 621 2084 [καὶ]
652 2035 744 2068 τοῖσι
773 2033 833 2067 οὐκ
873 2033 1233 2079 ὠνεομένοισι.-ΩΝ.
1269 2034 1362 2068 τουτὶ
1389 2033 1429 2068 τὸ
1459 2034 1559 2069 κακὸν
1587 2035 1626 2069 οὐ

157 2102 274 2148 πόρρω
293 2099 525 2148 μελαγχολίας
545 2099 649 2135 ἐστίν,

200 2298 432 2340 Discrepantia
447 2298 627 2339 scripturae
645 2297 891 2328 Fritzsohjanae
907 2309 960 2328 2-

204 2361 218 2382 2
237 2350 411 2391 ἀνθρώπινα
452 2353 463 2388 ΙΙ
498 2359 515 2389 3
535 2348 694 2390 ἐπικήριον
712 2352 809 2390 (corr.
827 2350 946 2390 Cobeh)
989 2353 1000 2387 ΙΙ
1038 2360 1059 2390 4
1075 2347 1117 2380 τὰ
1133 2348 1166 2380 δὲ
1185 2348 1310 2389 ὑστέρῳ
1352 2353 1363 2388 ΙΙ
1405 2349 1424 2381 6
1441 2349 1530 2381 ἀλλὰ
1546 2348 1626 2381 ὅκως

159 2407 171 2441 Η
198 2404 216 2434 8
234 2402 480 2444 περιχορεὺοντα
501 2401 754 2443 (περιχωρέοντα
776 2402 849 2442 alii)
891 2405 902 2439 ΙΙ
947 2411 983 2433 12
1003 2400 1150 2443 συντίθης
1191 2405 1203 2441 ΙΙ
1248 2411 1288 2443 14
1310 2401 1444 2441 κέλομαι
1471 2403 1625 2444 (formam

157 2455 237 2488 satis
253 2456 413 2487 audacem
428 2455 563 2486 restitui
588 2465 605 2486 e
629 2454 724 2486 codd.
741 2454 896 2495 aliquot).
