1893 3230
264 201 307 240 vi
875 215 1115 243 PRAErArio.

319 326 367 362 In
396 325 491 364 serie
520 327 822 376 fragmentorum
850 327 927 364 duo
952 340 1052 365 nunc
1081 327 1235 365 demum
1265 331 1495 377 comparent,
1525 326 1720 365 XXXIX.

264 390 348 428 dico
377 393 416 428 et
439 390 613 437 CXXX„
635 405 799 441 quorum
825 392 922 429 illud
948 405 996 430 ex
1022 392 1158 430 Tzetze
1184 392 1332 430 extraxi
1345 390 1368 438 2,
1390 392 1460 430 hoc
1486 405 1557 442 ope
1583 391 1723 430 codicis

264 455 442 493 Vaticani
461 469 594 505 graece
613 456 761 505 primus
781 457 960 494 exhibui:
991 463 1198 507 praeterea,
1221 457 1252 494 si
1272 460 1373 494 recte
1399 470 1438 494 se
1463 457 1606 495 habent
1626 469 1724 506 quae

264 521 313 557 ad
333 520 437 558 LIV.
458 521 664 571 disputavi,
684 521 807 571 possis
826 521 904 559 iam
927 535 997 571 pro
1021 523 1185 560 frustulo
1206 522 1271 559 illo
1295 521 1511 559 miserrimo
1531 522 1724 571 integrum

263 585 525 634 aphorismum
554 600 746 635 reponere,
778 587 882 636 quod
909 601 978 624 nos
1011 587 1221 637 periclitari
1249 587 1352 636 ipsos
1384 587 1446 624 lex
1479 600 1523 624 ac
1552 586 1724 624 condicio

263 650 420 688 huiusce
435 649 560 699 operis
574 651 740 689 vetabat.
783 651 859 689 Sed
878 655 968 690 ante
983 652 1110 690 omnia
1129 651 1360 689 testimoniis
1377 650 1537 688 incubui
1551 651 1722 700 undique

263 715 532 765 conquirendis
548 715 663 765 idque
683 730 726 754 eo
746 721 858 766 pacto
879 722 934 763 ut,
951 718 1071 755 sicubi
1093 717 1312 754 Heraclitea
1331 717 1452 754 latent
1470 717 1551 754 sine
1570 715 1724 754 nomine

263 780 381 818 citata
400 784 467 817 aut
486 784 657 830 respecta
677 782 779 831 apud
799 782 991 832 antiquos,
1013 795 1060 819 ne
1085 782 1155 820 hos
1176 782 1333 831 quidem
1352 782 1452 819 locos
1472 781 1592 819 sciens
1612 793 1722 830 prae-

263 844 493 882 termiserim
504 858 513 891 ;
540 858 629 882 nam
649 858 696 882 ex
711 846 770 883 his
789 860 941 895 quoque
960 846 1136 883 videmus
1157 845 1347 883 Heracliti
1366 846 1573 883 sententias
1593 845 1724 895 quales

263 914 301 947 et
329 910 649 959 quemadmodum
674 910 767 947 olim
796 910 1161 947 circumferebantur
1180 910 1260 947 sive
1288 923 1336 947 ex
1359 909 1441 959 ipso
1466 910 1565 947 libro
1586 909 1725 947 citatae

262 974 342 1012 sive
366 975 406 1011 in
429 979 580 1012 recente
603 974 694 1011 libri
718 975 913 1012 memoria.
973 974 1093 1013 Cuius
1122 974 1178 1012 rei
1206 979 1250 1012 ut
1279 975 1497 1024 exemplum
1523 975 1724 1024 adponam,

262 1040 305 1076 fr.
336 1039 439 1077 XCI.
469 1054 567 1077 unus
591 1039 777 1078 Stobaeus
804 1045 1014 1086 conservat,
1043 1054 1119 1077 non
1149 1041 1205 1077 ita
1233 1040 1401 1089 locuples
1425 1043 1559 1078 auctor
1583 1039 1652 1077 ubi
1678 1040 1726 1077 de

262 1105 415 1154 seriptis
452 1105 582 1154 agitur
622 1105 863 1155 perantiquis
887 1119 894 1143 :
944 1110 984 1143 at
1029 1105 1112 1143 noti
1148 1105 1364 1142 imitatores
1404 1105 1722 1160 Heracliteorum,

262 1170 683 1220 pseudo-Hippocrates
705 1170 909 1208 Cleanthes
930 1171 1155 1220 Stoicosque
1176 1174 1327 1208 secutus
1345 1169 1588 1216 Plutarchus,
1603 1169 1722 1219 potis-

262 1236 356 1272 sima
376 1249 548 1285 quaeque
573 1235 614 1273 in
634 1236 850 1286 fragmento
877 1240 1008 1274 nostro
1037 1236 1093 1273 ita
1121 1239 1334 1285 agnoscunt
1359 1239 1403 1272 ut
1423 1235 1539 1273 fidem
1569 1234 1723 1273 Stobaei

262 1301 409 1350 optimo
443 1301 498 1339 rei
531 1307 757 1351 argumento
789 1302 998 1339 stabiliant.
1062 1301 1339 1350 Fragmentum
1377 1305 1506 1338 autem
1544 1301 1640 1338 illud
1677 1314 1725 1338 ex

261 1366 399 1403 Tzetze
428 1367 542 1404 modo
571 1371 724 1404 erutum
752 1367 928 1404 videmus
959 1366 1120 1404 subinde
1152 1366 1360 1416 respexisse
1391 1365 1470 1403 iam
1498 1371 1536 1403 et
1564 1366 1724 1416 pseudo-

263 1430 540 1480 Hippocratem
569 1436 607 1469 et
635 1431 1056 1481 pseudo-Heraclitum,
1078 1432 1193 1480 longo
1221 1445 1410 1468 annorum
1436 1431 1638 1469 intervallo
1662 1444 1725 1469 eos

263 1495 452 1533 Graeculo
472 1496 548 1533 isto
567 1496 725 1545 priores.
778 1497 928 1546 Itaque,
949 1510 997 1533 ne
1016 1497 1108 1546 quid
1129 1497 1286 1542 deesset,
1308 1496 1440 1533 sedulo
1461 1509 1617 1545 operam
1636 1496 1725 1534 dedi

261 1565 317 1606 ut,
338 1560 370 1598 si
391 1574 466 1610 qua
489 1561 537 1597 ad
557 1560 825 1598 Heracliteum
853 1575 1032 1611 expressa
1062 1561 1257 1610 exemplar
1279 1561 1382 1610 apud
1411 1561 1615 1610 scriptores
1641 1575 1725 1611 rep-

261 1626 343 1675 peri
381 1626 636 1663 imitationem
674 1626 795 1663 nostri
827 1629 895 1664 aut
926 1627 1162 1664 adfectantes
1193 1628 1260 1664 aut
1298 1626 1338 1662 in
1377 1639 1460 1663 eam
1499 1625 1724 1672 incidentes,

260 1690 403 1740 passim
423 1704 466 1728 ea
486 1705 638 1741 quoque
657 1691 871 1729 testimonii
892 1705 1003 1729 causa
1024 1692 1190 1729 citarem.

317 1756 363 1792 In
393 1755 614 1805 Appendice
643 1756 946 1805 fragmentorum
974 1756 1144 1805 primum
1172 1756 1300 1793 locum
1335 1755 1484 1793 obtinet
1513 1756 1726 1805 capitulum

260 1820 513 1857 Laertianum
543 1820 589 1856 de
618 1820 699 1857 vita
729 1820 928 1857 Heracliti.
987 1820 1099 1867 Quod
1127 1819 1160 1857 si
1188 1820 1375 1869 adparatu
1406 1819 1527 1856 nimio
1556 1820 1724 1867 oneravi,

261 1898 339 1922 non
369 1898 452 1922 suni
481 1885 635 1929 inscius,
665 1884 808 1922 nedum
837 1898 1002 1928 securus,
1025 1898 1157 1922 eorum
1187 1897 1284 1934 quae
1314 1884 1360 1921 de
1390 1884 1459 1921 hac
1488 1898 1529 1921 re
1558 1885 1725 1923 Cobetus

260 1949 300 1986 in
320 1949 552 1999 praefatione
572 1949 621 1986 ad
641 1948 887 1987 Miscellanea
908 1949 1052 1987 Critica
1080 1963 1201 1998 nuper
1220 1948 1325 1986 edita
1343 1949 1539 1986 verissime
1558 1949 1722 1987 monuit.

261 2015 409 2052 Verum
427 2019 631 2064 postquam
650 2027 799 2051 mecum
819 2018 1086 2064 reputaveram
1100 2013 1309 2052 Huebnero
1330 2014 1475 2051 nullam
1496 2013 1724 2064 suppetiisse

260 2079 434 2116 codicum
465 2078 624 2128 copiam,
654 2092 780 2116 carere
811 2079 1045 2128 supellectile
1079 2078 1211 2116 critica
1244 2078 1382 2116 Cobeti
1415 2081 1578 2125 textum,
1607 2078 1724 2116 etiam

261 2157 362 2181 nunc
395 2143 536 2180 iustam
569 2143 716 2180 Laertii
748 2143 955 2180 editionem
989 2143 1207 2189 desiderari,
1244 2143 1395 2181 decrevi
1431 2144 1589 2182 tandem
1627 2157 1723 2193 quae

260 2222 376 2258 penes
395 2222 456 2246 me
476 2212 601 2246 essent
620 2208 749 2246 omnia
768 2221 1013 2258 expromere:
1045 2209 1077 2246 si
1098 2208 1194 2245 nihil
1214 2209 1329 2256 aliud,
1350 2209 1466 2246 habes
1490 2209 1623 2259 utique
1651 2209 1724 2246 hoc

262 2344 370 2384 Logos
399 2356 426 2376 c.
457 2345 490 2376 i.:
530 2345 668 2377 Oldenb.
703 2344 869 2385 1872—F.
901 2345 1055 2381 Lamalle,
1087 2346 1151 2376 Die
1178 2346 1391 2386 Philosophie
1422 2344 1635 2376 Herakleitos
1665 2344 1723 2374 des

261 2397 420 2427 Dunklen
440 2408 505 2428 von
526 2398 689 2438 Ephesos:
716 2398 822 2429 Berol.
845 2397 1012 2436 1858—F.
1032 2397 1083 2427 W.
1102 2398 1144 2428 A.
1164 2397 1327 2433 Mullach,
1344 2398 1475 2438 Fragm.
1493 2396 1723 2436 Philosophor-

260 2448 412 2479 Graecor.
434 2452 457 2479 t.
479 2449 512 2479 i.:
538 2449 612 2479 Par.
632 2448 808 2479 1860—H.
826 2449 937 2479 Ritter
959 2453 992 2478 et
1009 2449 1047 2480 L.
1064 2449 1199 2484 Preller‚
1223 2449 1314 2479 Hist.
1334 2448 1563 2488 Philosophiae
1584 2447 1722 2478 Graeco-

261 2499 449 2531 Romanae:
488 2499 607 2531 Hamb.
637 2500 719 2539 1838
745 2501 810 2538 (ed.
836 2502 941 2540 quint.
969 2500 1069 2531 Goth.
1097 2500 1281 2540 1875)—F.
1307 2500 1594 2536 Schleiermacher,
1619 2499 1724 2529 Hera-

262 2550 380 2581 kleitos
409 2551 466 2581 der
489 2551 623 2586 dunkle,
647 2562 711 2581 von
740 2552 908 2592 Ephesos:
945 2552 1029 2592 Opp.
1054 2551 1176 2582 Philos.
1201 2554 1224 2582 t.
1252 2551 1298 2587 ii„
1322 2556 1355 2581 et
1379 2552 1469 2592 prius
1496 2551 1530 2581 in
1553 2550 1664 2580 Wolfii
1689 2553 1723 2580 et

260 2601 457 2632 Buttmanni
474 2603 563 2633 Mus.
579 2603 636 2633 der
651 2602 947 2633 Alterthumswiss.
964 2606 988 2633 t.
1006 2603 1041 2633 i.:
1068 2603 1177 2633 Berol.
1195 2603 1361 2642 1807—P.
1379 2603 1545 2638 Schuster‚
1562 2601 1723 2632 Heraklit

261 2663 325 2683 von
342 2653 510 2693 Ephesus:
535 2653 569 2683 in
593 2654 766 2684 Ritsehelii
783 2655 859 2684 Act.
881 2664 945 2684 soc.
969 2654 1049 2694 phil.
1071 2654 1160 2693 Lips.
1182 2657 1206 2684 t.
1228 2654 1289 2685 iii.:
1316 2654 1405 2695 Lips.
1426 2653 1593 2694 1873—G.
1610 2652 1724 2683 Teich-

261 2705 389 2740 mffller,
414 2705 509 2735 Neue
532 2705 671 2735 Studien
696 2716 754 2735 zur
777 2705 895 2736 Gesch.
919 2706 977 2736 der
1001 2706 1162 2746 Begriffe:
1197 2706 1295 2736 Goth.
1323 2704 1492 2745 1876—E.
1516 2704 1632 2742 Zeller,
1658 2704 1731 2734 Die·

262 2756 473 2797 Philosophie
489 2756 547 2787 der
562 2756 726 2787 Griechen
744 2760 767 2788 t.
784 2757 804 2787 i.
822 2767 853 2797 p.
873 2756 935 2796 566
952 2757 1000 2788 ed.
1021 2760 1142 2797 quart.:
1168 2757 1257 2798 Lips.
1279 2757 1371 2797 1877.

304 2807 316 2825 ²
339 2808 521 2848 Occupavit
542 2811 653 2838 tamen
677 2819 717 2838 ex
741 2808 945 2839 Bachmanni
968 2809 1075 2839 Schol.
1094 2809 1135 2839 ad
1155 2808 1196 2839 Il.
1216 2812 1239 2839 t.
1256 2809 1276 2839 i.
1294 2820 1325 2849 p.
1344 2808 1406 2839 826
1430 2808 1544 2838 eadem
1568 2807 1716 2848 proferre

259 2858 445 2899 Bergkius:
473 2869 503 2888 v.
527 2858 722 2890 Exercitatt.
745 2859 818 2889 crit.
843 2870 928 2900 speC.
952 2860 995 2891 vi.
1018 2870 1049 2900 p.
1072 2869 1102 2901 9,
1126 2870 1226 2900 quam
1249 2859 1311 2890 viri
1333 2859 1545 2890 illustrissimi
1569 2859 1715 2900 disputa-

261 2910 384 2940 tionem
401 2909 495 2940 doleo
510 2910 592 2941 mihi
608 2921 705 2951 opere
721 2914 833 2942 nostro
850 2914 983 2942 tantum
999 2922 1064 2942 non
1081 2911 1232 2942 absoluto
1249 2911 1391 2951 primum
1408 2911 1602 2942 innotuisse.
