1893 3230
207 226 255 260 22
686 234 966 264 HPAKAEITOY
999 236 1184 265 ΕΦΕΣΙΟΥ

890 347 981 389 LV.

206 410 306 457 Πᾶν
330 413 513 476 ἑρπετὸν
539 418 690 476 πληγῇ
714 417 896 471 νέμεται.

876 515 995 557 LVI.

201 590 477 643 Παλίντονος·
501 596 682 657 ἁρμονίη
707 597 872 649 κόσμου
897 598 1097 661 ὅκωσπερ
1122 599 1249 660 λύρης
1273 598 1339 643 καὶ
1365 596 1512 658 τόξου.

199 742 337 780 Caecil.
360 743 465 781 Balb.
486 757 521 794 p.
542 743 606 795 18)
624 759 630 782 :
652 745 795 795 legibur
814 746 855 784 in
874 746 1086 796 proverbiis
1102 747 1417 797 philosophorum
1440 747 1554 797 quod,
1574 760 1662 785 cum

197 808 357 858 quidam
389 809 532 848 diceret
563 810 742 849 audiente
772 812 1000 861 Pythagora,
1033 813 1135 862 quod
1165 812 1349 850 libentius
1378 816 1593 850 moraretur
1622 812 1662 850 in

194 874 401 912 mulierum
421 876 613 914 consortio
634 889 749 926 quam
771 877 809 913 in
830 877 1148 927 philosophorum
1179 878 1440 924 contubernio,
1462 877 1661 927 respondit

193 939 434 990 Pythagoras
451 954 458 978 ;
491 940 544 978 Et
564 954 627 978 sus
647 942 831 980 libentius
851 942 891 979 in
912 943 994 980 luto
1016 956 1131 992 quam
1152 942 1191 979 in
1211 956 1310 992 aqua
1329 956 1425 992 pura
1448 941 1572 995 [clara
1601 943 1658 982 ed.

192 1003 288 1043 Ven.
330 1002 449 1058 1591]
467 1006 593 1044 —De
623 1007 773 1056 vulgari
802 1007 998 1057 proverbii
1030 1008 1152 1045 forma
1182 1022 1215 1045 v⁴
1245 1008 1372 1045 adnot.
1404 1008 1453 1045 ad
1483 1008 1658 1045 Paroem.

192 1070 325 1108 Graec.
347 1074 375 1109 t.
397 1071 434 1117 ii,
456 1085 492 1122 p.
519 1081 594 1120 705
617 1073 672 1110 ed.
696 1072 871 1122 Gotting.

246 1147 310 1172 LV.
341 1134 571 1174 Aristoteles
598 1137 644 1174 de
673 1136 821 1174 Mundo
849 1140 884 1183 6,
912 1151 948 1187 p.
972 1151 1045 1184 401
1063 1152 1088 1175 ιι
1108 1140 1129 1175 8
1152 1137 1410 1188 (zApuleius
1441 1138 1488 1174 de
1512 1136 1659 1174 Mundo

190 1202 240 1249 36
260 1214 270 1247 3
303 1200 487 1239 Stobaeus
507 1202 586 1240 Ecl.
610 1202 633 1238 i.
659 1216 693 1249 2,
714 1215 749 1252 p.
774 1200 861 1253 86):
893 1209 960 1240 τῶν
979 1219 1014 1239 τε
1036 1204 1127 1252 ζῴων
1145 1206 1185 1239 τά
1212 1219 1248 1239 τε
1275 1204 1375 1250 ἄγρια
1401 1205 1454 1239 καὶ
1479 1204 1595 1249 ἥμερα,
1617 1205 1658 1239 τά

188 1281 226 1300 τε
261 1267 296 1301 ἐν
325 1267 397 1313 ἀέρι
428 1268 482 1302 καὶ
517 1268 571 1302 ἐπὶ
600 1270 662 1314 γῆς
692 1269 743 1303 καὶ
775 1269 809 1303 ἐν
840 1268 936 1304 ὕδατι
964 1272 1171 1314 βοσκόμενα,
1201 1270 1330 1315 γίνεται
1359 1270 1412 1303 καὶ
1440 1269 1577 1313 ἀκμάζει
1606 1269 1659 1303 καὶ

188 1332 367 1378 φθείρεται
404 1335 474 1368 τοῖς
507 1335 567 1367 τοῦ
601 1333 680 1368 θεοῦ
711 1334 891 1379 πειθόμενα
923 1335 1073 1379 θεσμοῖς·
1120 1336 1187 1369 πᾶν
1223 1335 1289 1380 γὰρ
1320 1335 1463 1380 ἑρπετὸν
1499 1334 1560 1378 τὴν
1595 1335 1659 1379 γῆν

187 1396 330 1441 νέμεται,
353 1398 397 1432 ὣς
417 1399 528 1443 φησιν
545 1398 768 1444 εΗράκλειτος
788 1396 901 1447 (conf.
924 1398 1050 1435 Schol.
1071 1399 1119 1435 ad
1140 1397 1302 1436 Nicand.
1325 1396 1510 1446 Alexlph.
1537 1396 1640 1447 174).

241 1471 322 1496 LVI.
356 1460 585 1498 Plutarchus
615 1462 661 1499 de
689 1462 900 1511 Tranquill.
928 1472 986 1510 15,
1007 1476 1043 1512 p.
1066 1473 1163 1512 473:
1195 1463 1394 1500 παλίντονος
1419 1464 1485 1510 γὰρ
1516 1462 1657 1510 ἁρμονίη

185 1529 326 1569 κόσμου,
348 1526 506 1573 ὅκωσπερ
525 1528 631 1575 λύρης
651 1529 701 1563 καὶ
726 1529 837 1572 τόξου·
874 1531 926 1564 καὶ
951 1533 1019 1564 τῶν
1046 1530 1263 1576 ἀνθρωπίνων
1289 1529 1436 1575 καθαρὸν
1461 1529 1558 1563 οὐδὲν
1584 1529 1653 1564 οὐδ’

183 1590 312 1637 ἀμιγές,
340 1591 418 1626 ἀλλ’
440 1593 557 1638 ὥσπερ
587 1593 622 1627 ἐν
650 1596 795 1639 μουσικῇ
825 1596 942 1640 βαρεῖς
971 1594 1122 1641 φθόγγοι
1154 1595 1207 1629 καὶ
1234 1594 1324 1638 ὀξεῖς
1352 1591 1575 1629 xre—Idem
1606 1592 1654 1630 de

184 1653 288 1692 Iside
325 1666 387 1703 45,
416 1669 453 1705 p.
487 1657 588 1705 369:
632 1658 832 1695 παλίντονος
859 1660 925 1706 γὰρ
953 1659 1091 1707 ἁρμονίη
1121 1662 1251 1703 κόσμου
1281 1659 1439 1705 ὅκωσπερ
1467 1657 1573 1705 λύρης
1601 1659 1654 1693 καὶ

182 1721 297 1765 τόξου,
321 1721 391 1756 καθ’
403 1721 636 1769 εΗράκλειτον·
667 1724 723 1758 καὶ
741 1723 812 1758 κατ’
830 1724 1025 1771 Εὐριπίδην·
1057 1725 1126 1759 Οὐκ
1145 1725 1186 1758 ἂν
1204 1723 1335 1771 γένοιτο
1347 1724 1452 1770 χωρὶς
1472 1724 1581 1759 ἐσθλὰ
1602 1725 1654 1759 καὶ

181 1787 274 1831 κακά,
296 1786 374 1820 ἀλλ’
395 1787 472 1822 ἔστι
500 1802 550 1823 τις
579 1786 769 1834 σύγκρασις
798 1788 880 1823 ὥστ’
902 1789 992 1834 ἔχειν
1015 1787 1417 1837 anchS—Porphyrius
1446 1787 1493 1824 de
1521 1787 1651 1825 Antro

182 1850 341 1899 nymph.
366 1864 436 1899 29:
467 1853 521 1887 καὶ
547 1852 683 1898 κέντρον
711 1854 749 1887 τὸ
778 1854 838 1899 μὲν
865 1854 949 1901 ὑπὲρ
977 1855 1040 1901 γῆν
1070 1855 1109 1888 τὸ
1139 1854 1168 1889 δ’
1188 1855 1356 1901 ὑπόγειον,
1377 1855 1416 1888 τὸ
1443 1854 1505 1899 μὲν
1533 1853 1652 1889 ἀνατο-

179 1917 275 1950 λικὸν
294 1918 332 1951 τὸ
359 1917 395 1951 δὲ
423 1917 565 1952 δυτικόν·
596 1919 649 1952 καὶ
675 1919 717 1952 τὰ
744 1920 805 1963 μὲν
833 1919 994 1965 ἀριστερὰ
1024 1920 1065 1953 τὰ
1094 1919 1129 1953 δέ
1159 1919 1265 1963 δεξιά·
1298 1917 1357 1962 νύξ
1385 1934 1421 1953 τε
1450 1920 1502 1953 καὶ
1531 1918 1646 1965 ἡμέρα.

180 1982 234 2016 καὶ
254 1982 308 2016 διὰ
333 1984 432 2016 τοῦτο
456 1982 656 2018 παλίντονος
676 1982 694 2027 ἡ
714 1984 855 2029 ἁρμονία
884 1984 935 2018 καὶ
963 1983 1093 2027 τοξεύει
1124 1979 1229 2034 [forss.
1249 1999 1285 2020 π.
1301 1983 1330 2028 ἡ.
1345 1986 1374 2019 ἁ,
1398 1984 1516 2030 ὥσπερ
1543 1982 1651 2030 λύρας

178 2047 232 2080 καὶ
260 2046 374 2091 τόξου,
400 2042 445 2097 εἰ]
473 2047 527 2081 διὰ
556 2051 622 2081 τῶν
649 2046 1085 2096 e’vavrt‘cov——Simplieius
1108 2047 1149 2083 in
1173 2047 1284 2096 Phys.
1312 2046 1373 2084 fol.
1402 2060 1444 2084 11
1462 2060 1486 2083 a
1507 2045 1573 2097 (ad
1599 2047 1646 2085 fr.

178 2109 299 2147 LVII
337 2109 583 2161 cit.)—Conf.
624 2111 734 2149 Philo
773 2111 846 2159 Qu.
884 2111 925 2148 in
965 2112 1057 2149 Gen.
1100 2112 1154 2149 iii.
1195 2122 1230 2160 5,
1269 2125 1306 2161 p.
1345 2114 1418 2159 178
1458 2110 1645 2149 Aucher.:

177 2173 376 2211 sciendum
396 2178 453 2211 est
481 2178 623 2221 tamen,
645 2175 761 2212 etiam
786 2178 915 2225 partes
942 2176 1078 2213 mundi
1105 2175 1308 2225 bipartitus
1339 2188 1420 2212 esse
1447 2178 1486 2212 et
1512 2179 1647 2213 contra

175 2251 215 2275 se
236 2238 401 2276 invicem
422 2239 669 2276 constitutas:
699 2243 844 2278 'terram
863 2240 903 2277 in
924 2241 1041 2278 situm
1066 2244 1292 2277 montanum
1312 2245 1351 2278 et
1371 2244 1642 2289 campestren1;

174 2317 315 2353 aquam
343 2303 383 2340 in
412 2304 563 2341 dulcem
592 2308 631 2342 eh
659 2305 819 2343 salsam:
858 2306 1009 2344 dulcem
1038 2310 1134 2356 puta
1162 2319 1245 2344 eam
1276 2319 1391 2356 quam
1420 2306 1644 2344 ministrant

175 2368 300 2405 fontes
330 2372 368 2406 et
396 2382 537 2415 amnes,
559 2370 696 2408 salsam
716 2384 806 2408 vero
834 2371 1039 2410 marinam:
1071 2371 1171 2409 sicut
1197 2370 1313 2408 etiam
1332 2383 1397 2408 aer
1416 2370 1456 2408 in
1477 2370 1642 2408 hiemem

218 2509 271 2531 LV.
295 2501 355 2540 τὴν
370 2502 433 2541 γῆν
455 2502 565 2544 vulga:
590 2505 700 2542 πληγῇ
719 2502 853 2533 Stobaei
875 2503 945 2534 cod.
964 2504 1007 2539 A,
1024 2503 1111 2543 quod
1136 2503 1210 2533 coll.
1228 2502 1316 2532 Plat.
1333 2501 1426 2533 criti.
1444 2510 1505 2543 109
1522 2502 1551 2532 Β
1573 2512 1640 2533 am-

172 2552 289 2593 plexus
313 2557 363 2583 est
387 2553 570 2594 Bergkius:
611 2555 791 2594 pleniorem
815 2554 989 2585 lectionem
1017 2565 1148 2585 servare
1173 2554 1384 2584 existimatur
1406 2553 1543 2594 Apuleii
1568 2553 1638 2584 cod.

174 2603 263 2634 Flor.
295 2605 352 2644 qui
388 2606 526 2646 praebet
541 2617 546 2636 :
588 2605 1639 2636 aMensanANTAeYePReraeMOSSARRINAMePPeSSeT

173 2655 485 2693 ONOSSAHYTI,
499 2657 531 2687 in
542 2657 660 2697 quibus
674 2658 729 2687 alii
740 2657 804 2688 alia
817 2657 931 2688 vident
943 2669 947 2688 :
973 2657 1043 2687 νοῦς
1055 2656 1178 2687 ἅπαντα
1192 2656 1365 2696 εὐεργετῶν
1378 2656 1416 2687 ὡς
1426 2654 1464 2686 ἄν
1475 2667 1546 2686 τινα
1557 2655 1637 2697 μέρη

172 2705 319 2745 σώματος
340 2707 439 2737 ἀϊδίου
456 2709 613 2744 Vossius;
642 2708 686 2739 εἷς
705 2709 827 2739 ἅπαντα
847 2708 974 2748 διέρπων
992 2709 1058 2749 (vel
1079 2708 1207 2748 διέπων)
1224 2707 1342 2746 κόσμος
1357 2708 1494 2750 κυβερνᾷ
1514 2719 1640 2748 μεμερι-

172 2758 288 2796 σμένος
306 2759 334 2789 {s
350 2759 473 2790 ἅπαντα
491 2761 654 2802 l3ernays;
678 2760 751 2791 Ζεὺς
767 2761 891 2791 ἅπαντα
903 2763 1052 2802 κυβερνᾷ,
1070 2760 1212 2801 ὅκωσπερ
1230 2760 1357 2799 νέμεται
1377 2759 1509 2800 ἑρπετὸν
1526 2764 1636 2801 πληγῇ

171 2811 225 2841 vel
248 2810 343 2850 Ζηνὸς
366 2810 487 2842 ἅπαντα
511 2812 700 2852 κυβερνᾶται
724 2813 834 2853 γνώμῃ
854 2814 937 2853 (sive
960 2812 1035 2853 νόῳ)
1054 2813 1199 2853 ὅκωσπερ
1222 2811 1350 2851 νέμεται
1375 2811 1505 2852 ἑρπετὸν
1526 2815 1635 2855 πληγῇ

171 2863 284 2904 Bergk
298 2873 305 2901 ;
330 2862 402 2893 Ζεὺς
418 2862 541 2894 ἅπαντα
560 2865 726 2904 εὐεργετεῖ
736 2865 817 2904 ὁμῶς
832 2865 871 2895 ὡς
887 2865 925 2895 ἄν
943 2876 1013 2895 τινα
1030 2864 1108 2905 μέρη
1126 2865 1270 2903 σώματος
1286 2864 1385 2896 αὑτοῦ
1401 2864 1619 2897 Goldbacher.

216 2923 282 2946 LVI.
309 2927 340 2945 π.
355 2915 384 2946 ἁ.
407 2915 501 2955 λύρης
520 2914 664 2956 ὅκωσπερ
687 2915 781 2956 τόξου
803 2917 853 2947 vel
874 2929 904 2947 π.
926 2917 955 2947 ἁ.
980 2918 1122 2957 ὅκωσπερ
1143 2916 1237 2956 τόξου
1264 2924 1299 2954 <
1313 2917 1440 2950 οὕτω>
1464 2915 1515 2947 καὶ
1537 2916 1634 2958 λύρης

170 2966 311 2997 voluisse
328 2967 538 2998 Heraclitum
556 2968 676 2999 conicit
694 2969 857 3008 Bergkius
874 2969 914 2999 ad
932 2969 1008 3010 Lyr,
1029 2969 1144 3000 Graec.
1164 2981 1194 3010 p.
1215 2976 1273 3010 792
1293 2969 1343 3000 ed.
1360 2972 1435 3000 terss.
