1893 3230
220 229 242 263 4
705 230 986 261 HPAKAEITOY
1016 229 1203 259 ΕΦΕΣΙΟΥ

899 381 1005 423 VII.

217 462 328 509 Έᾶν
363 464 420 518 μὴ
460 464 635 519 ἔλπηαι,
672 464 940 510 ἀνέλπιστον
982 464 1055 508 οὐκ
1094 461 1320 526 ἐξευρήσει,
1362 457 1683 523 ἀνεξερεύνητον

219 537 288 584 ἐὸν
322 538 391 584 καὶ
427 537 609 602 ἄπορον.

888 635 1019 675 VIII.

220 715 402 780 Χρυσὸν
431 718 473 762 οἶ
507 715 719 780 διζήμενοι
757 722 837 778 γῆν
870 716 1041 770 πολλὴν
1075 715 1310 780 ὀρύσσουσι
1343 712 1410 760 καὶ
1443 711 1682 776 εὑρίσκουσι

222 792 391 853 ὀλίγον.

913 871 992 912 ΙΧ.

218 954 543 1017 Ἀγχιβασῖην.

928 1050 981 1091 X.

220 1134 355 1184 Φύσις
378 1134 648 1197 κρύπτεσθαι
676 1136 804 1195 φιλεῖ
806 1172 814 1181 .

220 1302 386 1347 δήπουθεν
413 1304 504 1349 παρὰ
530 1304 758 1347 Σολομῶντος·
816 1303 874 1337 ἐὰν
899 1301 1078 1349 ἅγαπήσῃς
1106 1301 1248 1346 ἀκούειν,
1269 1301 1399 1345 ἐκδέξῃ,
1420 1302 1473 1336 καὶ
1493 1300 1550 1335 ἐὰν
1574 1300 1688 1343 κλίνῃς·

220 1368 259 1401 τὸ
276 1366 333 1403 οὖς
354 1383 429 1411 σου,
452 1369 566 1413 σοφὸς
585 1368 658 1411 ἕσῃ.

275 1443 349 1468 VII.
381 1430 557 1468 Clemens
576 1431 692 1469 Alex.
714 1430 853 1469 Strom.
876 1430 914 1468 ii.
940 1444 974 1477 4,
996 1444 1032 1480 p.
1055 1439 1130 1479 437
1153 1444 1159 1468 :
1201 1431 1325 1476 ἀληθὲς
1354 1430 1382 1466 δ’
1410 1430 1469 1465 οὖν
1497 1430 1535 1465 ὂν
1562 1431 1689 1466 παντὸς

220 1500 355 1543 μᾶλλον
383 1496 616 1533 ἀποδείκνυται
642 1499 681 1532 τὸ
708 1499 771 1533 ὑπὸ
794 1500 853 1533 τοῦ
878 1496 1059 1544 προφήτου
1083 1496 1266 1542 εἶρημένον·
1313 1497 1369 1530 ε’ὰν
1394 1496 1438 1542 μὴ
1467 1494 1688 1540 πιστεύσητε,

221 1563 298 1597 οὐδὲ
324 1563 368 1607 μὴ
394 1565 529 1607 συνῆτε.
586 1565 685 1597 τοῦτο
715 1564 768 1597 καὶ
786 1562 1009 1609 “Ηριὶκλειτος
1035 1565 1053 1597 ὁ
1072 1562 1238 1609 Ἐφέσιος·
1257 1563 1295 1596 τὸ
1318 1563 1438 1608 λόγιον
1456 1561 1690 1607 παραφράσας·

222 1627 360 1674 εἴρηκεν·
390 1628 472 1662 Ἐὰν
496 1628 541 1673 μὴ
568 1629 723 1673 ἕλπηται,
744 1627 950 1663 ἀνέλπιστον
969 1628 1029 1662 οὐκ
1053 1627 1238 1674 ἐξευρήσει,
1269 1625 1526 1673 ἀνεξερεύνητον
1554 1626 1609 1661 ε’ὸν
1637 1626 1690 1661 καὶ

221 1691 670 1739 c't'vropov—Theodoretus
691 1691 854 1741 Therap.
876 1691 901 1728 i.
922 1705 957 1741 p.
980 1700 1038 1739 15,
1072 1701 1141 1739 51:
1173 1694 1225 1727 καὶ
1244 1695 1262 1728 ὁ
1276 1692 1501 1739 εΗράκλειτος
1527 1691 1563 1726 δέ
1586 1693 1692 1727 πάλιν

221 1761 397 1805 παρεγγυᾷ
417 1759 632 1805 ξεναγεῖσθαι
652 1760 717 1794 ὑπὸ
737 1761 795 1803 τῆς
813 1759 963 1794 πίστεως
982 1758 1068 1794 οὕτω
1088 1759 1208 1805 λέγων·
1237 1757 1320 1793 Ἐὰν
1337 1759 1382 1803 μὴ
1402 1759 1571 1803 ἐλπίζητε,
1592 1757 1691 1793 ἀνέλ-

221 1837 347 1859 πιστον
365 1825 429 1870 οὐχ
452 1823 623 1870 εὑρήσετε,
644 1824 899 1871 ἀνεξερεύνητον
918 1825 973 1859 ε’ὸν
991 1825 1044 1859 καὶ
1072 1824 1208 1870 ἄπορον.
1266 1825 1319 1859 καὶ
1340 1825 1457 1859 πάλιν·
1495 1825 1633 1870 Χρυσὸν
1660 1825 1692 1859 οἷ

222 1888 387 1934 διζήμενοι
407 1891 470 1935 γῆν
489 1890 621 1934 πολλὴν
641 1889 839 1936 ὀρύσσουσι
859 1891 911 1924 καὶ
932 1890 1150 1936 εὑρίσκουσιν
1170 1888 1288 1936 ὀλίγον
1307 1887 1424 1938 (=f1·.
1446 1886 1582 1938 VIII).

276 1964 365 1990 VIII.
398 1953 575 1991 Clemens
595 1952 703 1990 Alex.
727 1953 869 1991 Strom.
892 1953 943 1992 iv.
968 1967 1000 1999 2,
1020 1967 1056 2003 p.
1082 1955 1157 2001 565
1177 1968 1184 1990 t
1214 1955 1346 2000 χρυσὸν
1368 1955 1434 2001 γὰρ
1459 1956 1491 1989 οἱ
1513 1953 1690 1999 διζήμενοι,

223 2018 333 2065 φησὶν
350 2019 580 2066 Ἡράκλειτος,
601 2021 663 2067 γῆν
681 2021 815 2065 πολλὴν
834 2019 1028 2066 ὀρύσσουσι
1048 2021 1099 2054 καὶ
1120 2020 1336 2066 εὑρίσκουσιν
1355 2019 1484 2066 ὀλίγον·
1523 2021 1555 2054 οἱ
1575 2020 1612 2054 δὲ
1630 2022 1692 2054 τοῦ

222 2087 359 2131 χρυσοῦ
379 2084 482 2121 ὅντως
500 2085 618 2132 γένους
636 2086 675 2120 τὸ
696 2086 858 2132 συγγενές·
872 2084 1137 2130 μεταλλεύοντες
1156 2084 1343 2130 εὑρήσουσι
1362 2087 1400 2120 τὸ
1420 2085 1510 2120 πολὺ
1530 2085 1565 2120 ἐν
1584 2085 1692 2133 ὀλίγῳ

224 2148 544 2186 —Theodoretus
565 2149 724 2198 Therap.
747 2148 771 2186 i.
792 2163 826 2198 p.
850 2159 909 2196 15,
933 2159 979 2196 52
1005 2147 1069 2199 (ad
1089 2148 1135 2186 fr.
1158 2148 1239 2186 VII
1265 2148 1349 2199 cit.)

279 2223 335 2251 IX.
367 2213 505 2251 Suidas
534 2227 561 2251 S.
578 2227 612 2252 V.
643 2216 900 2262 ἀμφισβατεῖν;
939 2215 1209 2262 Ἀμφισβατεῖν.
1266 2216 1347 2250 ἔνιοι
1375 2216 1414 2250 τὸ
1447 2215 1691 2262 ἀμφισβητεῖν.

216 2278 333 2316 Ἴωνες
363 2281 398 2315 δὲ
428 2282 481 2315 καὶ
504 2281 714 2328 ἀγχιβατεῖν,
737 2280 789 2316 καὶ
811 2280 1021 2327 ἀγχιβασίην
1039 2279 1427 2327 Ἡράκλειτος-Ῑᾶθῐη
1446 2292 1473 2317 S.
1489 2293 1526 2317 V.
1546 2280 1693 2328 ἀγχιβα-

224 2347 317 2381 retu:
347 2344 693 2392 ἈγχιβατεῖνἼωνες
719 2348 758 2381 τὸ
787 2346 1034 2392 ἀμφισβητεῖν,
1063 2347 1116 2381 καὶ
1142 2346 1378 2392 ἀγχισβασίην
1396 2345 1617 2392 Ἡράκλειτος
1636 2343 1690 2394 (V.

225 2408 408 2447 Gaisford
428 2410 477 2447 acl
496 2409 596 2460 loc.).

281 2486 320 2511 x.
353 2474 464 2511 Philo
485 2474 558 2522 Qu.
580 2475 620 2511 in
641 2474 740 2512 Gen.
762 2475 812 2512 iv.
836 2487 868 2520 1,
890 2488 924 2524 p.
947 2488 965 2512 2
974 2484 1021 2522 37
1043 2473 1215 2511 Aucher.
1237 2487 1245 2510 ι
1275 2474 1388 2510 arbor
1408 2476 1465 2511 est
1484 2474 1693 2511 seeundum

227 2539 471 2577 Heraclitum
490 2544 628 2578 natura
648 2545 789 2586 nostra,
811 2553 908 2589 quae
929 2553 967 2577 se
987 2539 1174 2576 obducere
1194 2542 1309 2588 atque
1329 2538 1562 2576 abscondere
1587 2544 1692 2578 amat

225 2603 518 2642 —Themistius
539 2605 604 2642 Or.
619 2619 654 2642 V.
676 2618 712 2654 p.
737 2607 785 2653 69
807 2604 945 2655 (=xii.
967 2617 1004 2654 p.
1032 2602 1123 2654 159)
1141 2617 1149 2640 :
1180 2604 1288 2651 φύσις
1317 2605 1352 2639 δὲ
1381 2604 1451 2640 καθ’
1470 2605 1694 2652 Ἡράκλειτον

227 2668 434 2716 κρύπτεσθαι
469 2672 567 2716 φιλεῖ
596 2672 648 2705 καὶ
676 2672 743 2717 πρὸ
770 2673 829 2715 τῆς
861 2670 1004 2717 φύσεως
1032 2672 1050 2704 ὁ
1077 2671 1135 2715 τῆς
1163 2669 1304 2715 φύσεως
1332 2670 1543 2717 δημιουργός,
1574 2669 1611 2705 ὃν
1639 2670 1692 2706 διὰ

268 2841 331 2864 VII.
354 2833 496 2874 ἔλπησθε
522 2834 733 2875 Stephanus:
759 2833 872 2873 ἔλπηαι
891 2844 950 2874 ego
976 2836 1010 2865 et
1031 2833 1188 2864 Schuster
1237 2838 1249 2873 Η
1271 2832 1458 2874 ἐξευρήσετε
1482 2834 1690 2876 Stephanus:

226 2884 407 2925 ἐξευρήσεαι
432 2885 483 2916 vel
508 2885 681 2926 ἐξευρήσεις
704 2895 791 2925 susp.
815 2884 972 2916 Schuster
1075 2890 1087 2924 Η
1107 2883 1313 2925 ἀνεξεὺρετον
1334 2885 1532 2917 Theodoreti
1556 2887 1626 2918 cod.
1651 2887 1692 2924 B,

230 2936 392 2968 Mullach.
