1893 3230
792 263 896 292 ΠΕΡΙ
925 263 1103 293 ΦΥΣΕΩΣ.
1629 259 1679 297 33

846 409 1051 452 LXXIX.

217 486 336 534 Αἶὼν
362 496 463 540 παῖς
486 489 582 536 ἐστι
610 488 776 554 παίζων
800 493 1034 538 πεσσεύων·
1073 492 1226 543 παιδὸς
1251 496 1273 546 ἦ
1298 494 1522 550 βασιληίη.

859 623 1039 666 LXXX.

214 699 514 767 Έδιζησάμην
536 705 759 759 ἐμεωυτόν.

217 872 294 908 ἐστι
313 874 366 908 καὶ
386 874 421 909 ἐν
440 877 487 923 τῷ
507 875 670 911 τεθνάναι·
701 875 757 911 ὅτε
775 877 836 922 μὲν
854 877 920 923 γὰρ
941 876 1033 922 ἡμεῖς
1053 878 1158 922 ζῶμεν
1176 877 1236 913 τὰς
1263 877 1384 923 ψυχὰς
1411 876 1503 922 ἡμῶν
1529 877 1682 912 τεθνάναι

217 938 271 972 καὶ
300 938 334 974 ἐν
360 939 437 984 ἡμῖν
459 941 638 987 τεθάφθαι,
660 941 717 976 ὅτε
741 942 776 976 δέ
806 941 900 987 ἡμεῖς
925 941 1195 987 ἀποθνήσκομεν,
1215 942 1274 978 τὰς
1299 942 1419 988 ψυχὰς
1444 942 1605 984 ἀναβιοῦν
1629 943 1682 976 καὶ

217 1005 255 1049 ζῆ
287 1002 410 1054 (=fr.
435 1015 485 1052 50
507 1004 625 1043 Schl.:
656 1005 723 1043 sed
741 1020 776 1043 v.
801 1005 912 1043 Philo
942 1006 992 1044 ad
1021 1006 1173 1043 LXVII
1194 1005 1491 1057 cit.)—Tzetzes
1521 1005 1620 1043 Chil.
1642 1005 1681 1043 ii.

221 1078 295 1118 722
311 1084 317 1107 ;
341 1072 392 1105 καὶ
413 1071 494 1106 κατὰ
513 1073 572 1106 τὸν
588 1075 796 1118 Δημόκριτον
811 1074 910 1107 αὐτὸν
930 1073 994 1107 σὺν
1012 1072 1223 1121 “Ηρακλει’τῳ
1244 1073 1311 1118 ἅμα
1331 1071 1482 1119 δακρύων
1501 1072 1554 1107 καὶ
1572 1075 1683 1119 γελῶν

216 1136 256 1170 τὸ
276 1136 427 1171 ἄστατον
444 1139 505 1171 τοῦ
523 1135 612 1181 βίου,
633 1138 758 1184 ἐλέχθη
779 1137 933 1182 θνήσκειν
951 1153 987 1173 τε
1007 1139 1060 1172 καὶ
1081 1139 1137 1183 ζῆν
1155 1137 1242 1185 ἦμαρ
1263 1138 1314 1172 ἀεὶ
1332 1137 1410 1184 παρ’
1431 1136 1529 1184 ἦμαρ.

269 1211 413 1237 LXXIX.
443 1200 618 1238 Clemens
646 1200 757 1238 AleX.
787 1202 948 1252 Paedag.
969 1201 994 1238 i.
1017 1212 1052 1250 5,
1073 1215 1109 1251 p.
1137 1215 1206 1239 111
1229 1216 1235 1238 :
1268 1202 1424 1247 τοιαύτην
1453 1203 1527 1238 τινὰ
1554 1202 1684 1245 παίζειν

216 1267 356 1302 παιδιὰν
373 1268 432 1302 τὸν
450 1268 570 1302 ἑαυτοῦ
591 1268 656 1302 Δία
674 1267 898 1314 “Ηρα’κλειτος
914 1266 1304 1316 >dyst—Hippolytus
1324 1265 1408 1304 Ref.
1431 1265 1535 1303 haer.
1556 1265 1606 1302 ix.
1630 1279 1652 1314 9
1673 1279 1680 1302 :

217 1332 270 1367 ὅτι
289 1332 328 1367 δέ
345 1331 420 1368 ἐστι
445 1335 524 1368 παῖς
550 1334 589 1367 τὸ
617 1334 684 1368 πᾶν
712 1333 765 1368 καὶ
793 1332 836 1368 δι’
865 1334 982 1370 αἷῶνος
1010 1333 1141 1370 αἷώνιος
1167 1333 1337 1375 βασιλεὺς
1364 1336 1431 1367 τῶν
1460 1331 1550 1366 ὅλων
1577 1329 1685 1368 οὕτως

215 1398 320 1444 λέγει·
351 1397 440 1432 Αἶὼν
466 1400 545 1434 παῖς
573 1398 648 1433 ἐστὶ
675 1398 802 1442 παίζων
829 1397 1008 1434 πεττεύων·
1037 1399 1156 1435 παιδὸς
1179 1399 1198 1443 ἡ
1225 1395 1684 1443 βασιληίη-ῙΒΜΒῙῙΟῙΙΠΒ

215 1475 276 1512 ap.
307 1461 413 1500 Stob.
444 1462 524 1500 Ecl.
557 1462 595 1500 ii.
622 1476 653 1509 Ι,
682 1476 717 1513 p.
746 1476 819 1501 12:
857 1467 958 1513 πόσῳ
987 1464 1026 1510 δὴ
1056 1464 1114 1500 οὖν
1141 1464 1279 1504 Βέλτιον
1306 1463 1530 1511 Ἱ-Ιράκλειτος
1556 1463 1685 1498 παίδων

216 1528 390 1576 ἀθύρματα
410 1531 576 1575 νενόμικεν
595 1526 677 1564 εἶναι
696 1530 737 1564 τὰ
757 1529 947 1575 ἀνθρώπινα
967 1529 1186 1574 δοξάσματα,
1217 1526 1347 1579 (quem
1366 1527 1493 1564 locum
1513 1538 1685 1564 seorsum

215 1593 437 1644 ponendum
465 1595 503 1631 et
531 1593 573 1630 in
600 1593 903 1644 fragmentorum
931 1592 1027 1630 serie
1052 1592 1332 1630 numerandum
1362 1595 1489 1630 censet
1507 1591 1684 1639 Bao-nay-

217 1661 309 1706 sius,
331 1659 415 1697 coll.
435 1658 535 1696 Plat.
557 1658 673 1709 Legg.
689 1659 712 1697 i.
732 1661 808 1706 644
826 1659 872 1705 D,
894 1659 959 1697 vii.
977 1661 1054 1707 803
1070 1657 1332 1710 O)—-Proclus
1352 1658 1393 1694 in
1411 1657 1509 1695 Tim.
1536 1670 1606 1694 101
1623 1656 1658 1693 F
1675 1669 1683 1694 ε

217 1728 320 1762 ἄλλοι
340 1727 375 1761 δέ
401 1727 454 1761 καὶ
481 1727 541 1761 τὸν
560 1726 763 1774 δημιουργὸν
799 1726 834 1761 ἐν
861 1729 908 1774 τῷ
938 1728 1164 1773 κοσμουργεῖν
1192 1724 1321 1769 παίζειν
1349 1723 1512 1771 εἰρήκασι,
1534 1724 1684 1770 καθάπερ

216 1789 643 1840 Ἡράκλειτος-ΒεεΡίο.
669 1789 863 1826 Lucianus
883 1789 962 1826 Vit.
983 1793 1082 1827 auct.
1108 1801 1154 1835 14
1176 1787 1229 1839 (v.
1249 1786 1433 1837 Append.
1456 1785 1593 1837 nostr.)
1606 1799 1615 1833 ;
1646 1788 1685 1823 et

218 1856 306 1894 fort.
334 1855 447 1892 Pla'to
474 1855 591 1904 Legg.
613 1869 650 1892 x.
674 1868 749 1904 903
772 1854 831 1901 D3
861 1854 974 1891 Philo
1002 1854 1048 1891 de
1070 1853 1141 1892 vit.
1174 1853 1296 1903 Moys.
1318 1852 1342 1890 i.
1366 1854 1399 1899 6,
1421 1866 1456 1902 p.
1480 1855 1529 1900 85
1552 1851 1617 1904 (ad
1637 1851 1681 1889 fr.

218 1920 356 1959 LXIX
376 1919 457 1971 cit.)
470 1935 480 1968 3
511 1920 740 1957 Plutarchus
768 1919 814 1956 de
843 1919 902 1956 EI
925 1932 986 1966 21,
1006 1933 1043 1969 p.
1067 1932 1168 1968 393;
1201 1918 1412 1968 Gregorius
1435 1917 1475 1955 N
1477 1931 1531 1955 az.
1555 1917 1679 1955 Carm.

217 1987 258 2027 ii.
280 1989 342 2035 85,
363 2000 399 2037 p.
423 1988 499 2036 978
521 1986 578 2023 ed.
601 1986 755 2032 Bened„
771 1974 930 2035 aliique.

270 2063 393 2090 LXXX.
425 2051 655 2089 Plutarchus
675 2050 760 2089 adv.
782 2050 908 2088 Colot.
933 2063 992 2093 20,
1014 2063 1048 2100 p.
1073 2063 1086 2087 1
1100 2063 1115 2087 1
1128 2052 1196 2088 18:
1227 2052 1262 2087 ἐν
1282 2049 1331 2088 οἷς
1351 2051 1387 2086 δέ
1408 2050 1524 2096 κομιδῇ
1544 2051 1685 2097 διαγελᾷ

217 2121 271 2156 καὶ
290 2120 470 2167 φλαυρίζει
489 2119 549 2154 τὸν
568 2119 745 2165 Σωκράτην
765 2120 925 2162 ζητοῦντα
942 2116 978 2153 τί
994 2118 1168 2165 ἅνθρωπός
1188 2118 1263 2153 ε’στι
1283 2118 1336 2152 καὶ
1362 2117 1620 2162 νεανιευόμενον,
1642 2116 1686 2152 ὥς

217 2189 338 2234 φησιν,
365 2186 417 2221 ὅτι
445 2184 520 2230 μηδ’
541 2185 639 2221 αὐτὸς
668 2184 781 2229 εἰδείη,
802 2185 904 2228 δῆλος
932 2182 993 2229 μέν
1021 2184 1116 2219 ἐστιν
1145 2184 1245 2219 αὐτὸς
1273 2183 1435 2218 οὐδέποτε
1463 2183 1548 2228 πρὸς
1575 2180 1685 2229 τούτῳ

217 2253 404 2300 γενόμενος.
434 2251 452 2284 ὁ
473 2250 509 2285 δέ
528 2249 759 2297 Ἡράκλειτος,
784 2249 827 2285 ὡς
845 2249 931 2296 μέγα
951 2264 983 2283 τι
1010 2250 1062 2284 καὶ
1092 2250 1216 2294 σεμνὸν
1235 2247 1535 2295 διαπεπραγμένος,
1555 2246 1685 2291 Ἐδιζη-

220 2319 341 2363 σάμην,
364 2317 485 2364 φησίν,
505 2317 682 2362 ἐμεωυτόν·
722 2316 774 2350 καὶ
801 2319 869 2350 τῶν
896 2315 932 2349 ἐν
961 2316 1114 2361 Δελφοῖς
1142 2315 1348 2361 γραμμάτων
1377 2313 1549 2348 θειότατον
1578 2313 1686 2347 ἐδόκει

218 2385 258 2419 τὸ
286 2383 393 2419 Γνῶθι
422 2379 680 2418 σαυτόν-[ΗΟ
710 2379 907 2428 ChrySOSt.
938 2378 1003 2416 Or.
1034 2388 1095 2426 55,
1116 2391 1153 2428 p.
1178 2380 1250 2415 282
1274 2376 1436 2414 Reiske:
1465 2376 1686 2424 Ἡράκλειτος

220 2449 256 2483 δέ
286 2449 336 2483 ἔτι
363 2449 593 2495 γενναιότερον
622 2447 721 2482 αὐτὸς
750 2445 898 2491 ἐξευρεῖν
927 2444 987 2489 τὴν
1016 2447 1076 2479 τοῦ
1107 2445 1232 2480 παντὸς
1260 2442 1370 2489 φύσιν
1398 2442 1498 2478 ὁποία
1525 2442 1685 2488 τυγχάνει

219 2511 307 2548 οὖσα
325 2512 466 2558 μηδενὸς
485 2511 680 2554 διδάξαντος
700 2510 753 2544 καὶ
771 2508 930 2556 γενέσθαι
948 2507 1026 2555 παρ’
1044 2509 1146 2544 αὑτοῦ
1173 2505 1530 2555 σοφός-Τᾶΐὶἃηηε
1550 2505 1616 2544 Or.
1636 2504 1686 2543 ad

219 2577 350 2615 Graec.
376 2589 423 2625 3:
453 2577 512 2612 τὸν
530 2577 596 2623 γὰρ
614 2575 836 2622 Ἡράκλειτον
865 2575 925 2609 οὐκ
953 2574 993 2608 ἂν
1020 2574 1258 2620 ἀποδεξαίμην,
1278 2573 1445 2618 Ἐμαυτὸν
1473 2572 1684 2618 ἐδιδαξάμην,

219 2645 355 2679 εἰπόντα
374 2644 429 2678 διὰ
447 2644 486 2678 τὸ
506 2642 745 2677 αὐτοδίδακτον
760 2638 840 2676 εἶναι
861 2641 913 2675 καὶ
933 2637 1399 2688 ὑπερήφανον-Βίοὲθῌθε
1419 2637 1548 2675 Laert.
1568 2637 1620 2675 ix,
1639 2646 1660 2685 5
1676 2648 1684 2674 :

221 2709 347 2755 ἤκουσέ
363 2708 391 2743 τ’
411 2709 556 2752 οὐδενός,
575 2707 653 2742 ἀλλ’
673 2707 774 2742 αὑτὸν
792 2706 859 2752 ἔφη
880 2704 1083 2750 διζήσασθαι
1112 2706 1164 2741 καὶ
1192 2705 1310 2751 μαθεῖν
1327 2706 1437 2740 πάντα
1459 2703 1538 2751 παρ’
1559 2705 1686 2739 ἑωυτοῦ

219 2772 448 2810 —Plotinus
477 2772 575 2810 Enn.
605 2771 654 2809 iv.
692 2773 727 2817 8,
760 2784 798 2820 p·
833 2771 909 2817 468
943 2768 1008 2819 (ad
1037 2769 1083 2808 fr.
1113 2768 1337 2819 LXXXIII
1368 2767 1686 2819 cit.)-Iulianus

221 2837 287 2876 Or.
308 2837 360 2882 Vi,
380 2851 416 2887 p.
444 2840 517 2885 185
538 2836 598 2875 A:
630 2839 750 2873 οὐκοῦν
769 2840 787 2872 ὁ
807 2837 868 2883 μέν
896 2838 931 2872 ἐν
959 2838 1113 2883 Δελφοῖς
1143 2837 1218 2873 θεὸς
1245 2838 1284 2871 τὸ
1313 2835 1420 2870 Γνῶθι
1448 2837 1576 2870 σαυτὸν
1603 2849 1686 2881 προ-

220 2904 385 2951 αγορεύει,
404 2903 625 2951 Ἡράκλειτος
645 2904 682 2938 δὲ
700 2903 928 2948 Ἐδιζησάμην
948 2900 1327 2948 ἐμεωυτόν-ΡΓΟΟῙΠΞ
1347 2899 1388 2937 in
1409 2899 1505 2937 Tim.
1533 2900 1605 2936 106
1627 2897 1684 2935 E:

217 2969 440 3016 “Ηράκλειτος
466 2970 526 3014 μὲν
544 2969 660 3005 ἑαυτὸν
677 2969 786 3005 πάντα
814 2967 933 3003 εἰδέναι
960 2967 1071 3014 λέγων
1088 2968 1215 3004 πάντας
1242 2967 1319 3004 τοὺς
1348 2966 1477 3003 ἄλλους
1504 2963 1685 3011 ἀνεπιστή-

940 3043 968 3071 D
