1893 3230
748 230 851 260 ΠΕΡΙ
881 230 1061 262 ΦΥΣΕΩΣ.
1616 228 1637 262 3

867 365 946 406 IV.

173 443 317 489 Κακοὶ
346 442 560 508 μάρτυρες
589 445 857 508 ἀνθρώποισι
893 446 1126 509 ὀφθαλμοὶ
1156 447 1223 493 καὶ
1249 447 1354 502 ὦτα,
1379 446 1638 512 βαρβάρους

171 517 327 580 ψυχὰς
351 520 553 582 ἐχόντων.

170 681 237 726 Οὐ
278 682 512 745 φρονέουσι
554 687 740 729 τοιαῦτα
778 684 945 729 πολλοὶ
995 684 1194 730 ὁκόσοισι
1243 686 1492 749 ἐγκυρέουσι
1542 685 1637 732 οὐδὲ

166 756 382 810 μαθόντες
417 758 690 817 γινώσκουσι,
729 759 923 805 ἑωυτοῖσι
962 757 1006 804 δὲ
1042 758 1249 807 δοκέουσι.

864 868 944 911 VI.

169 948 380 995 Ἀκοῦσαι
406 950 478 996 οὔκ
502 949 787 1004 ἐπιστάμενοι
813 949 898 996 οὐδ’
924 953 1068 996 εἰπεῖν.

167 1093 336 1140 ἀκουέτω,’
357 1093 467 1142 εὕροις
495 1096 535 1130 ἂν
563 1096 630 1130 ὧδέ
656 1111 727 1131 πως
746 1096 993 1142 ἐμφαινόμενον
1019 1097 1106 1141 πρὸς
1134 1099 1195 1131 τοῦ
1225 1097 1406 1143 Ἐφεσίου·
1461 1095 1636 1142 Ἀξὺνετοι

166 1158 370 1197 ἀκούσαντες
398 1162 526 1207 κωφοῖς
554 1161 694 1196 ἐοίκασι’
734 1162 837 1207 φάτις
865 1161 1020 1196 αὐτοῖσιν
1047 1164 1210 1208 μαρτυρεῖ
1235 1163 1422 1208 παρεόντας
1450 1162 1636 1198 ἀπεῖναι-

165 1223 431 1262 Theodoretus
461 1224 623 1274 Therap.
650 1225 675 1263 i.
704 1238 740 1274 p.
768 1238 827 1273 13,
855 1228 1118 1277 491-‹ipu6rra
1146 1229 1216 1263 τοῖς
1246 1225 1370 1273 ὁμοίως
1398 1228 1475 1273 ὑμῖν
1504 1228 1636 1264 ἀντιλέ-

165 1305 289 1338 γουσιν
317 1291 403 1338 ἅπερ
431 1290 652 1337 Ἡράκλειτος
672 1293 690 1326 ὁ
712 1290 877 1337 Ἐφέσιος
906 1290 1044 1337 εἴρηκεν·
1077 1290 1248 1337 Ἀξύνετοι
1277 1291 1483 1329 ἀκούσαντες
1508 1296 1638 1341 κωφοῖς

167 1355 308 1391 ἐοίκασι·
338 1357 443 1403 φάτις
463 1358 596 1392 αὐτοῖσι
615 1359 777 1403 μαρτυρεῖ
795 1358 982 1403 παρεόντας
1002 1357 1145 1393 ἀπεῖναι.

221 1431 277 1458 IV.
309 1419 450 1458 Sextus
479 1420 590 1470 Emp.
620 1420 705 1458 adv.
737 1420 859 1458 Math.
890 1420 956 1459 vii.
992 1422 1090 1458 126:
1135 1422 1195 1468 τὴν
1221 1422 1283 1468 μὲν
1310 1421 1473 1468 αἴσθησιν
1500 1424 1638 1471 ἐλέγχει

163 1485 276 1534 λέγων
290 1488 373 1522 κατὰ
387 1487 493 1531 λέξιν·
523 1488 627 1523 Κακοὶ
645 1489 814 1535 μάρτυρες
834 1488 1066 1535 ἀνθρώποισιν
1081 1488 1255 1535 ὀφθαλμοὶ
1274 1489 1327 1524 καὶ
1346 1488 1425 1534 ὦτα,
1440 1491 1637 1537 βαρβάρους

164 1552 285 1599 ψυχὰς
317 1553 475 1600 ἐχόντων·
514 1553 597 1600 ὅπερ
630 1552 708 1589 ἴσον
740 1552 780 1598 ἣν
809 1556 869 1602 τῷ,
904 1555 1091 1600 βαρβάρων
1124 1554 1199 1589 ἐστὶ
1232 1555 1359 1600 ψυχῶν
1390 1556 1462 1591 ταῖς
1499 1555 1639 1603 ἀλόγοις

164 1617 351 1663 αἶσθὴσεσι
379 1617 796 1656 πιστεύειν-Βΐοῦἐιθηδ
825 1617 957 1655 Floril.
989 1618 1038 1655 iv.
1058 1619 1134 1666 56:
1165 1618 1260 1655 κακοὶ
1286 1618 1434 1666 γίνονται
1462 1620 1639 1667 ὀφθαλμοὶ

166 1685 218 1719 καὶ
250 1684 318 1719 ὦτα
350 1684 510 1732 ἀφρόνων
542 1684 726 1732 ἀνθρώπων
759 1685 879 1732 ψυχὰς
915 1685 1114 1731 βαρβάρους
1152 1683 1464 1731 ἐχόντων-ΟΟΠΓ.
1504 1684 1638 1724 Floril.

165 1748 315 1787 Monac.
346 1763 406 1799 ap.
433 1749 639 1787 WVoelfflin.
671 1750 718 1787 de
750 1749 916 1787 Caecilio
951 1749 1070 1786 Balbo
1099 1763 1135 1799 p.
1169 1762 1244 1787 20:
1292 1750 1421 1787 oculos
1455 1754 1494 1788 et
1526 1764 1639 1789 aures

164 1815 273 1865 vulgi
291 1815 412 1853 malos
433 1828 512 1853 esse
533 1814 858 1864 testes—Respie.
880 1814 1071 1864 Diogenes
1091 1815 1217 1853 Laert.
1239 1814 1290 1852 ix.
1316 1824 1336 1864 7
1353 1828 1361 1853 ε
1391 1815 1450 1862 τήν
1468 1832 1505 1853 τε
1528 1817 1640 1863 οἴησιν

165 1882 256 1928 ἱερὰν
275 1883 378 1917 νόσον
396 1882 496 1929 ἔλεγε
517 1882 571 1916 καὶ
591 1881 651 1926 τὴν
671 1881 793 1928 ὅρασιν
811 1880 1016 1928 ψεύδεσθαι.

217 1957 256 1985 V.
287 1945 340 1984 M.
362 1944 589 1983 Antoninus
614 1945 663 1983 iv.
688 1947 736 1992 46
760 1944 865 1997 (post
884 1945 930 1982 fr.
952 1944 1105 1995 XXV):
1142 1947 1332 1993 μεμνῆσθαι
1355 1947 1390 1982 δέ
1411 1948 1465 1983 καὶ
1485 1950 1544 1982 τοῦ
1563 1947 1638 1983 ε’πι-

163 2012 410 2058 λανθανομένου
425 2009 447 2057 ᾗ
462 2011 480 2057 ἡ
496 2013 573 2048 ὁδὸς
589 2012 662 2060 ἄγει
679 2010 885 2063 (fort.-‘-f1·.
904 2010 1114 2062 LXXIII)·
1143 2013 1196 2047 καὶ
1209 2013 1262 2048 ὅτι
1274 2010 1301 2062 ᾧ
1314 2014 1468 2058 μάλιστα
1484 2013 1640 2057 διηνεκῶς

163 2081 336 2125 ὁμιλοῦσι,
360 2081 454 2128 λόγῳ
482 2082 529 2128 τῷ
558 2080 600 2114 τὰ
629 2079 694 2114 ὅλα
724 2080 915 2125 διοικοῦντι,
941 2078 1048 2128 τούτῳ
1078 2079 1295 2126 διαφέρονται
1324 2078 1442 2130 (=fr.
1467 2076 1638 2129 XCIII)'

164 2143 217 2177 καὶ
247 2139 296 2179 οἷς
322 2141 393 2177 καθ’
415 2141 540 2189 ἡμέραν
560 2142 753 2189 ἐγκυροῦσι,
774 2144 880 2176 ταῦτα
908 2143 1022 2178 αὐτοῖς
1048 2142 1128 2186 ξένα
1153 2140 1320 2188 φαίνεται·
1361 2143 1414 2177 καὶ
1442 2142 1493 2178 ὅτι
1522 2143 1561 2177 οὐ
1589 2143 1642 2178 δεῖ

164 2208 282 2255 ὥσπερ
306 2206 527 2243 καθεύδοντας
552 2209 660 2242 ποιεῖν
687 2208 740 2242 καὶ
768 2207 882 2254 λέγειν
900 2205 1018 2258 (=fr.
1041 2205 1206 2257 XCIV)
1247 2209 1300 2242 καὶ
1323 2208 1390 2255 γὰρ
1418 2210 1496 2244 τότε
1519 2208 1638 2243 δοκοῦ-

162 2288 224 2319 μεν
242 2275 352 2308 ποιεῖν
371 2273 423 2307 καὶ
442 2272 567 2320 λέγειν·
608 2273 660 2307 καὶ
681 2272 733 2308 ὅτι
753 2273 791 2307 οὐ
820 2273 871 2307 δεῖ
898 2274 949 2309 ὡς
976 2273 1125 2309 παῖδας
1153 2273 1313 2317 τοκέων,
1334 2272 1424 2308 τοῦτ’
1446 2273 1533 2314 ἔστι,
1554 2274 1638 2308 κατὰ

162 2339 274 2385 ’ψιλὸν
299 2339 353 2374 καὶ
379 2337 496 2373 καθότι
514 2337 776 2385 παρειλήφαμεν
796 2336 1002 2389 (fOl'b.=fr.
1025 2336 1178 2376 XCVII
1195 2349 1203 2375 :
1233 2337 1274 2374 in
1295 2338 1466 2376 clausula
1486 2342 1638 2376 textum

163 2401 297 2440 Corais
326 2400 736 2453 exhibui)—Clemens
760 2401 877 2439 Alex.
901 2402 1044 2440 Strom.
1066 2401 1106 2440 ii.
1131 2415 1164 2449 2,
1187 2416 1225 2452 p.
1248 2414 1349 2451 432:
1390 2405 1429 2439 οὐ
1454 2405 1521 2451 γὰρ
1548 2405 1638 2451 φρο-

163 2469 278 2505 νέουσι
309 2472 446 2504 τοιαῦτα
479 2470 606 2505 πολλοὶ
639 2471 757 2504 ὁκόσοι
789 2469 1057 2516 ἐγκυρσεύουσιν
1090 2469 1168 2504 οὐδὲ
1201 2470 1365 2515 μαθόντες
1396 2471 1638 2517 γινώσκουσιν,

163 2535 320 2570 ἑωυτοῖσι
346 2535 383 2570 δὲ
407 2534 573 2580 δοκέουσι,
596 2535 678 2569 κατὰ
704 2536 763 2570 τὸν
780 2537 933 2582 γενναῖον
951 2534 1186 2581 Ἡράκλειτον.
1244 2533 1297 2582 ἆρ’
1317 2535 1357 2570 οὗ
1384 2536 1477 2570 δοκεῖ
1500 2550 1559 2570 σοι
1585 2535 1640 2570 καὶ

163 2600 262 2637 οὗτος
280 2601 359 2637 τοὺς
378 2600 423 2646 μὴ
443 2599 669 2637 πιστεύοντας
688 2600 813 2647 ψέγειν
826 2612 838 2646 j

217 2675 274 2701 VI.
308 2663 484 2701 Clemens
514 2662 631 2702 Alex.
654 2664 795 2702 Strom.
816 2664 854 2702 ii.
878 2673 912 2712 5,
933 2677 971 2714 p.
994 2677 1069 2711 442
1094 2678 1101 2701 :
1140 2665 1307 2702 ἀπίστους
1335 2662 1418 2701 εἶναί
1444 2681 1534 2702 τινας
1562 2666 1635 2702 ἐπι-

164 2726 542 2776 στύφωνεΗράκλειτός
562 2731 684 2776 φησιν·
712 2730 876 2766 Ἀκοῦσαι
897 2731 957 2765 οὐκ
977 2729 1197 2776 ἐπιστάμενοι
1217 2730 1286 2765 οὐδ’
1303 2730 1417 2766 εἰπεῖν·
1449 2731 1640 2777 ὠφεληθεὶς

209 2858 255 2882 IV.
282 2849 440 2891 βορβόρου
455 2850 560 2892 ψυχὰς
576 2850 709 2891 ἐ’χοντοε
726 2851 876 2892 Bernays
892 2851 942 2882 M.
959 2851 1023 2882 Rh.
1043 2850 1089 2881 ix.
1105 2861 1138 2892 p.
1159 2850 1231 2883 262.

208 2907 240 2933 v.
260 2899 385 2932 ὁκόσοιε
395 2901 563 2933 Gataker:
586 2902 695 2934 ὁκόσοι
708 2903 797 2944 vulg.
812 2914 818 2934 ι
849 2907 885 2940 <
896 2901 1019 2934 τούτων
1031 2907 1068 2941 >
1091 2902 1201 2934 ὁκόσοι
1218 2908 1256 2942 <
1269 2901 1415 2935 ἐκείνοισι
1427 2905 1463 2938 >
1486 2901 1639 2934 Mullaeh

169 2956 182 2992 ῃ
204 2951 449 2993 ἐγκυρσείιονσιν
473 2953 562 2995 vulg.
582 2965 587 2985 :
621 2954 805 2995 ἔγκυρέουσι
830 2955 1004 2996 occupavit
1029 2954 1197 2987 Schuster.

865 3018 937 3048 132
