1893 3230
761 208 866 237 ΠΕΡΙ
896 207 1077 238 ΦΥΣΕΩΣ.
1631 207 1651 240 7

844 355 992 396 XVII.

188 440 456 505 Πυθαγόρης
481 441 760 506 ΒῙνησάρχου
787 444 985 503 ἱστορίην
1010 447 1169 497 ἤσκησε
1193 445 1427 507 ἀνθρώπων
1450 443 1652 498 μάλιστα

185 514 371 564 πάντων.
415 518 483 562 καὶ
524 517 803 581 ἐκλεξάμενος
842 519 1006 568 ταύτας
1046 517 1125 568 τὰς
1162 518 1436 583 συγγραφὰς
1477 520 1656 573 ἐποίησε

186 592 343 638 ἑωυτοῦ
377 593 552 652 σοφίην,
589 593 876 648 πολυμαθιήν,
912 594 1204 656 κακοτεχνιήν.

833 732 1008 774 XVIII.

183 818 382 864 Ὁκόσων
421 819 583 879 λόγους
623 822 782 872 ἤκουσα
826 819 955 869 οὐδεὶς
991 820 1241 884 ἆφικνέεται
1278 821 1317 870 ἐς
1352 825 1503 877 τοῦτο,
1540 821 1655 868 ὥστε

189 896 410 955 γινώσκειν
446 895 516 940 ὅτι
553 895 702 958 σοφόν
736 896 835 941 ἐστι
872 893 1045 941 πάντων
1080 896 1411 959 ΚΕχωρίσμ-ένον.

188 1092 237 1130 ad
267 1092 363 1129 Plat.
386 1092 541 1130 Theaet.
569 1102 642 1141 179
665 1092 725 1144 E),
753 1093 845 1130 αὖτίς
873 1110 909 1129 τε
939 1096 1136 1141 Ξενοφάνεα
1165 1095 1218 1129 καὶ
1237 1095 1420 1130 Ἑκαταῖον.
1480 1093 1562 1130 εἶναι
1589 1096 1657 1141 γὰρ

185 1157 223 1195 ἓν
256 1161 295 1194 τὸ
327 1161 442 1205 σοφόν
471 1158 761 1196 xvi—Clemens
790 1159 902 1195 Alex.
940 1158 1082 1196 Strom.
1112 1158 1138 1195 i.
1175 1172 1232 1207 19,
1263 1172 1301 1208 p.
1335 1168 1429 1207 373:
1470 1159 1543 1205 ᾔδει
1576 1162 1655 1207 γάρ,

187 1225 287 1274 οἶμαι,
311 1229 355 1264 ὡς
380 1228 443 1274 ὅρα
472 1228 533 1274 ἤδη
559 1230 738 1275 πολυμαθῆ
766 1232 840 1264 νόον
860 1229 968 1276 ἔχειὸ
992 1227 1062 1280 [Sic
1082 1229 1180 1276 cod.]
1203 1231 1356 1266 διδάσκει
1382 1231 1453 1265 καθ’
1473 1230 1655 1278 “Ηράκλει-

187 1292 525 1330 rou—Athenaeus
555 1293 635 1330 xiii.
667 1308 703 1343 p.
737 1294 880 1331 610B:
919 1295 1270 1341 πουλυμαθημοσύνης
1298 1297 1356 1340 τῆς
1384 1297 1425 1331 οὐ
1458 1298 1660 1342 κενεώτερον

188 1359 296 1405 οὐδέν,
311 1359 442 1395 Ἵππων
459 1362 526 1407 ἔφη
548 1362 566 1394 ὁ
586 1361 693 1397 ἄθεος·
724 1361 814 1395 ἀλλὰ
838 1362 890 1395 καὶ
908 1361 1130 1408 “Ηράκλειτος
1150 1364 1167 1396 ὁ
1188 1361 1277 1397 θεῖός
1302 1363 1403 1408 φησι·
1436 1361 1658 1406 Πουλυμαθίη

189 1426 266 1461 νόον
303 1426 393 1472 ἔχειν
426 1427 464 1461 οὐ
498 1424 883 1462 &Monet—Iulianus
918 1425 983 1462 ΟΥ.
1015 1425 1065 1462 Vi.
1096 1439 1133 1475 p.
1170 1425 1311 1474 187D:
1351 1425 1546 1472 πολυμαθία
1578 1427 1658 1473 γάρ,

163 1491 290 1538 ’φασί,
322 1493 398 1526 νόον
425 1492 464 1526 οὐ
494 1489 861 1527 διδιὶσκει-ΡΙὈΟῙΠΞ
893 1490 934 1527 in
962 1490 1061 1527 Tim.
1096 1503 1141 1537 31
1159 1490 1210 1527 F:
1251 1492 1285 1526 τί
1315 1492 1381 1538 γὰρ
1416 1492 1611 1536 θαυμαστὸν
1639 1491 1658 1535 ἡ

187 1561 255 1591 τῶν
282 1559 470 1604 γεγονότων
497 1561 646 1604 γνῶσις;
676 1557 868 1603 πολυμαθίη
897 1559 972 1592 νόον
1001 1558 1039 1591 οὐ
1068 1555 1158 1603 φύει,
1188 1558 1299 1603 φησὶν
1327 1559 1345 1591 ὁ
1373 1559 1525 1603 γενναῖος
1550 1556 1659 1603 εΗρά-

189 1621 543 1659 maroc—Serenus
569 1621 609 1658 in
639 1622 818 1671 Excerpt.
850 1621 952 1659 Flor.
980 1621 1115 1658 Ioann.
1149 1621 1324 1659 Damaso.
1346 1621 1384 1658 ii.
1412 1623 1497 1666 116,
1518 1634 1554 1670 p.
1580 1630 1656 1668 205

190 1686 378 1724 Bseinek.:
410 1686 632 1734 εΗράκλειτος
651 1690 712 1734 μὲν
731 1690 831 1735 ἔλεγε
859 1689 1089 1734 πολυμάθειαν
1118 1691 1196 1723 νοῦν
1223 1689 1267 1734 μὴ
1297 1686 1656 1735 ἐμποιεῖν-ΒΘΞΡῙῡ.

188 1752 598 1802 pseudo-Democritus
627 1753 673 1790 fr.
705 1766 800 1790 mor.
836 1765 910 1799 140
941 1752 1142 1790 Mullach:
1186 1755 1313 1789 πολλοὶ
1341 1753 1554 1798 πολυμαθέες
1583 1755 1660 1788 νόον

188 1820 249 1854 οὐκ
268 1820 389 1865 ἔχουσι
410 1816 524 1869 (conf.
546 1817 714 1855 eiusdem
735 1819 780 1855 fr.
802 1832 896 1856 mor.
923 1818 1027 1869 141).

244 1894 346 1921 XVII.
376 1884 568 1934 Diogenes
588 1885 716 1922 Laert.
735 1884 812 1921 viii.
830 1886 873 1921 6:
905 1887 986 1920 ἕνιοι
1005 1886 1066 1930 μὲν
1085 1884 1143 1919 οὖν
1158 1884 1361 1931 Πυθαγόραν
1379 1884 1460 1928 μηδὲ
1473 1881 1510 1919 ἓν
1524 1886 1659 1918 καταλι-

187 1952 263 1986 πεῖν
278 1950 486 1998 σύγγραμμά
506 1953 607 1997 φασι,
630 1952 867 1995 διαπαίζοντες.
923 1950 1146 1998 (Ηράκλειτος
1165 1953 1247 1998 γοῦν
1266 1953 1284 1985 ὁ
1304 1952 1452 1997 φυσικὸς
1479 1952 1661 1997 μονονουχὶ

189 2015 328 2062 κέκραγε
366 2017 421 2051 καί
457 2018 559 2063 φησι·
616 2006 820 2064 Πυθαγόρης
853 2018 1066 2064 Μνησάρχου
1106 2016 1258 2062 ἱστορίην
1289 2018 1440 2061 ἤσκησεν
1476 2015 1661 2062 ἀνθρώπων

187 2084 339 2128 μάλιστα
362 2084 508 2118 πάντων·
538 2084 592 2118 καὶ
619 2084 842 2129 ἐκλεξάμενος
870 2083 991 2119 ταύτας
1018 2083 1077 2119 τὰς
1107 2083 1314 2130 συγγραφὰς
1343 2080 1504 2126 ἐποίησεν
1532 2083 1660 2117 ἑωυτοῦ

189 2149 328 2195 σοφίην,
362 2149 583 2194 πολυμαθίην,
619 2150 845 2195 κακοτεχνίην.
903 2147 990 2183 οὕτω
1023 2148 1050 2183 δ’
1081 2145 1184 2193 εἶπεν,
1221 2146 1400 2194 ἐπειδήπερ
1435 2147 1661 2194 ἐναρχόμενος

187 2215 206 2247 ὁ
244 2213 445 2259 Πυθαγόρας
477 2216 537 2248 τοῦ
575 2215 725 2260 φυσικοῦ
760 2214 1024 2260 συγγράμματος
1053 2212 1147 2259 λέγει
1181 2209 1444 2259 κτὲ-ΒΘΞΡῙΟ.
1482 2210 1659 2248 Clemens

188 2275 302 2314 Alex.
319 2276 460 2315 Strom.
475 2277 498 2315 ἰ.
515 2291 533 2314 2
545 2290 574 2323 Ι,
589 2291 626 2327 p.
642 2279 737 2326 396:
759 2278 981 2325 Ἡράκλειτος
999 2279 1065 2325 γὰρ
1084 2277 1369 2324 μεταγενέστερος
1389 2278 1434 2311 ὢν
1454 2277 1660 2324 Πυθαγόρου

187 2343 348 2389 μέμνηται
368 2345 470 2378 αὐτοῦ
490 2344 525 2378 ἐν
544 2346 591 2392 τῷ
612 2345 852 2391 συγγράμματι
873 2341 924 2393 (V.
946 2343 990 2380 fr.
1014 2341 1319 2388 CXXXVIII).

241 2419 364 2446 XVIII.
394 2408 581 2445 Stobaeus
602 2407 731 2445 Floril.
750 2407 805 2445 iii.
828 2410 890 2445 81.

232 2579 323 2603 XVII.
347 2571 523 2613 πυθαγόρας
543 2572 615 2603 cod.
632 2572 879 2603 Laurentianus
899 2581 937 2612 13
988 2576 1000 2610 Η
1022 2570 1234 2611 ἐκλεξάμενος
1255 2569 1373 2602 ταύτας
1391 2569 1447 2601 τὰς
1468 2568 1658 2610 συγγραφὰς

187 2623 358 2654 Heraclito
393 2624 502 2655 aufert
544 2624 827 2656 Schleiermaoher
885 2629 896 2664 ΙΙ
941 2622 1088 2664 ἐποίησεν
1127 2624 1383 2662 Laurentianus,
1424 2623 1476 2655 ed.
1516 2623 1631 2654 Cobet.
1648 2633 1655 2654 z

189 2675 363 2715 ἐποιήσατο
379 2677 451 2707 cod.
463 2676 724 2713 Arundelianus,
741 2677 832 2717 vulg.
868 2681 879 2715 Η
902 2676 1018 2707 ἑωυτοῦ
1036 2677 1292 2713 Laurentianus,
1311 2676 1361 2708 ed.
1379 2676 1493 2707 Cobet.
1511 2686 1516 2706 :
1542 2674 1657 2706 ἑαυτοῦ

188 2728 447 2764 ΑΓυηάθΙίῑιιωε,
478 2729 567 2770 vulg.
615 2734 627 2768 Η
660 2727 876 2769 πολυμαθείην
904 2729 1151 2760 Laurentianus
1166 2740 1173 2760 ;
1210 2727 1432 2769 πολυμαθηίην
1459 2727 1509 2759 ed.
1540 2727 1656 2758 Cobet.

196 2784 209 2819 ΙΙ
229 2780 444 2820 καλοτεχνὶην
460 2781 647 2812 casaubon.

235 2840 338 2864 XVIII.
362 2832 541 2872 ἀφικνεῖται
558 2834 647 2874 vulg.
672 2844 753 2864 corr.
773 2833 925 2864 Mullach
975 2838 986 2872 Η
1007 2836 1082 2874 post
1097 2832 1270 2873 γινώσκειν
1285 2833 1459 2873 legebatur
1474 2830 1493 2870 ἦ
1510 2830 1570 2872 ’γὰρ
1586 2830 1657 2862 θεὸς

190 2881 210 2921 ἦ
228 2883 343 2924 θηρίον,
355 2884 443 2924 quod
456 2895 645 2925 quanquam
662 2896 703 2916 ex
719 2885 870 2926 margine
887 2886 922 2916 in
938 2888 1070 2916 textum
1086 2885 1255 2926 irrepsisse
1272 2885 1357 2916 vidit
1373 2885 1439 2915 iam
1450 2883 1655 2915 Gaisfordius

192 2935 281 2977 (coll.
298 2935 441 2968 Aristot.
459 2936 530 2969 Pol.
547 2937 569 2969 i.
588 2947 618 2973 ¹2,
634 2948 666 2978 p.
688 2947 701 2969 1
712 2946 726 2968 2
732 2946 748 2977 5
755 2946 772 2977 3
789 2948 811 2969 α
830 2938 897 2979 29),
913 2937 1073 2969 Schuster
1088 2937 1317 2968 Heracliteum
1333 2947 1403 2968 esse
1418 2936 1502 2967 vult.
