1893 3230
434 457 963 507 HPAKAEITOY
1015 460 1363 509 ΕΦΕΣΙΟΥ

651 592 817 636 ΠΕΡΙ
867 593 1147 640 ΦΥΣΕΩΣ.

881 744 918 785 Ι.

166 830 258 876 Οὐκ
293 832 391 885 ἐμεῦ
425 830 543 877 ἀλλὰ
582 836 661 878 τοῦ
698 832 839 892 λόγου
879 832 1145 881 ἀκούσαντας
1186 833 1443 893 ὁμολογέειν
1483 832 1633 896 σοφόν

166 908 280 962 ἐστι,
298 907 347 953 ἓν
371 907 517 955 πάντα
543 908 659 955 εἶναι.

871 992 933 1033 II.

885 1063 895 1077 7
919 1063 929 1078 ἱ
972 1062 981 1076 9

169 1059 265 1105 Tou?
288 1059 332 1106 δὲ
362 1061 506 1121 λόγου
533 1060 650 1107 τοῦδ’
674 1062 822 1112 ἐόντος
850 1083 929 1107 αιει
963 1060 1156 1123 αξύνετοι
1184 1063 1380 1123 γίνονται
1412 1060 1633 1126 ἅνθρωποι

166 1135 236 1180 καὶ
261 1136 454 1199 πρόσθεν
483 1136 506 1189 3¹7
531 1137 709 1182 ἀκοῦσαι
743 1138 811 1182 καὶ
845 1137 1105 1186 ἀκούσαντες·
1132 1136 1188 1183 τὸ
1218 1141 1408 1200 πρῶτον.
1460 1137 1635 1197 γινομέ-

169 1231 244 1255 νων
280 1209 369 1274 γὰρ
406 1209 578 1257 πάντων
612 1210 726 1257 κατὰ
761 1210 840 1257 τὸν
872 1212 1015 1272 λόγον
1050 1210 1176 1257 τόνδε
1210 1212 1432 1275 ἀπείροισι
1469 1212 1634 1257 ἐοίκασι

168 1286 420 1348 πειρώμενοι
456 1285 525 1330 καὶ
559 1286 690 1331 ἐπέων
724 1286 794 1331 καὶ
825 1278 964 1350 ἔργων
991 1287 1223 1332 τοιουτέων
1250 1286 1399 1332 ὁκοίων
1431 1286 1518 1346 ε’γώ
1549 1285 1636 1340 διη-

168 1364 338 1420 γεῦμαι,
364 1360 554 1424 διαιρέων
583 1362 772 1407 ἕκαστον
794 1360 908 1407 κατὰ
943 1362 1075 1424 φύσιν
1103 1361 1172 1407 καὶ
1199 1359 1380 1425 φράζων
1405 1361 1508 1411 ὅκως
1531 1361 1636 1423 ἔχει.

729 1527 1081 1567 TESTIMONIA.

224 1627 253 1653 1.
285 1614 525 1666 Hippolytus
554 1616 636 1654 Res.
670 1616 772 1653 haer.
793 1616 844 1653 ix.
869 1630 918 1665 9:
948 1617 1170 1664 Ἡράκλειτος
1197 1618 1259 1662 μέν
1287 1615 1348 1652 οὖν
1375 1617 1504 1657 <ἔν>
1530 1619 1641 1664 φησιν

170 1682 252 1720 εἶναι
271 1686 311 1720 τὸ
332 1688 409 1730 πᾶν,
429 1685 595 1732 διαιρετὸν
621 1685 817 1731 ἀδιαίρετον,
836 1685 976 1731 γενητὸν
1001 1684 1173 1731 ἀγένητον,
1195 1684 1315 1729 θνητὸν
1337 1684 1513 1729 ἀθάνατον,
1533 1687 1640 1731 λόγον

170 1750 284 1794 αἰῶνα,
303 1750 432 1796 πατέρα
450 1751 532 1795 υἱόν,
554 1751 631 1786 θεὸν
650 1751 785 1786 δίκαιον.
844 1750 913 1784 Οὐκ
933 1749 1015 1794 ἐμοῦ
1034 1749 1125 1784 ἀλλὰ
1150 1752 1211 1784 τοῦ
1237 1748 1406 1796 δόγματος
1431 1749 1641 1786 ἀκούσαντας

171 1816 351 1862 ὁμολογεῖν
370 1816 484 1861 σοφόν
503 1815 608 1860 ἐστιν,
630 1813 666 1851 ἓν
690 1817 799 1851 πάντα
825 1814 956 1860 εἰδέναι,
977 1817 995 1849 ὁ
1014 1812 1238 1861 Ἡράκλειτός
1263 1817 1365 1861 φησι·
1395 1815 1448 1850 καὶ
1469 1814 1520 1850 ὅτι
1539 1817 1640 1850 τοῦτο

170 1881 230 1915 οὐκ
259 1878 359 1915 ἰ’σασι
388 1881 510 1917 πάντες
543 1881 619 1916 οὐδὲ
648 1883 891 1928 ὁμολογοῦσιν,
921 1881 1145 1926 ἐπιμέμφεται
1174 1880 1242 1914 ὧδέ
1266 1891 1349 1916 πως·
1409 1881 1457 1914 Οὐ
1487 1879 1642 1926 ξυνίασιν

170 1945 255 1981 ὅκως
283 1946 527 1992 διαφερόμενον
555 1947 667 1994 ἑωυτῷ
695 1945 886 1992 ὁμολογέει·
925 1945 1155 1992 παλίντροπος
1183 1945 1322 1992 ἁρμονίη
1352 1944 1510 1992 ὅκωσπερ
1537 1945 1641 1989 τόξου

170 2012 224 2046 καὶ
261 2009 365 2058 λύρης
401 2008 518 2061 (=fr.
553 2001 888 2060 XLV)—Res'pie.
919 2009 1031 2046 Philo
1070 2009 1161 2060 Leg.
1194 2008 1305 2059 alleg.
1335 2009 1390 2047 iii.
1422 2023 1455 2058 3,
1485 2022 1522 2059 p.
1559 2011 1640 2047 88:

171 2077 189 2110 ὁ
209 2075 246 2111 δὲ
264 2075 460 2123 γονορρυὴς,
481 2077 517 2111 ἐκ
535 2078 666 2122 κόσμου
684 2077 793 2112 πάντα
813 2076 866 2111 καὶ
893 2076 940 2112 εἷς
965 2078 1095 2121 κόσμον
1120 2075 1262 2123 ἀνάγων,
1283 2076 1349 2112 ὑπὸ
1376 2076 1455 2111 θεοῦ
1475 2077 1512 2111 δὲ
1537 2075 1642 2120 μηδὲν

171 2141 322 2187 οἰόμενος
349 2141 534 2189 γεγονέναι,
553 2140 809 2189 Ἡρακλειτείου
839 2141 938 2186 δόξης
966 2142 1107 2188 ἑταῖρος,
1128 2143 1229 2188 κόρον
1251 2142 1304 2177 καὶ
1321 2139 1569 2188 χρησμοσύνην
1588 2142 1641 2175 καὶ

172 2205 208 2241 ἓν
225 2207 264 2241 τὸ
283 2208 350 2241 πᾶν
370 2207 423 2241 καὶ
442 2208 551 2242 πάντα
570 2206 695 2251 ἀμοιβῇ
716 2208 874 2254 εἰσάγων.

226 2281 273 2307 11.
302 2269 535 2308 Aristoteles
569 2269 681 2307 Rhet.
721 2270 776 2307 iii.
810 2280 846 2318 5,
875 2283 912 2320 p.
945 2278 1058 2319 1407,
1088 2270 1108 2307 b
1133 2282 1204 2317 14:
1249 2272 1291 2306 τὰ
1323 2272 1389 2319 γὰρ
1416 2270 1643 2318 Ἡρακλείτου

171 2336 343 2380 διαστίξαι
371 2337 471 2384 ἔργον
499 2337 553 2371 διὰ
581 2337 620 2371 τὸ
649 2336 775 2381 ἄδηλον
803 2333 884 2371 εἶναι
913 2336 1049 2384 ποτέρῳ
1077 2338 1286 2383 πρόσκειται,
1307 2339 1355 2386 τῷ
1382 2335 1527 2384 ὕστερον
1550 2337 1568 2382 ἢ
1593 2340 1641 2386 τῷ

606 2467 931 2507 ADNOTATIO
962 2467 1201 2506 CRITICA.

216 2565 239 2588 1.
265 2556 342 2595 ἐμοῦ
363 2557 453 2598 vulg.
469 2567 550 2588 corr.
567 2556 717 2588 Mullaeh
753 2560 764 2595 ΙΙ
785 2555 889 2597 λόγου
911 2556 1082 2596 Bernays:
1107 2554 1268 2595 δόγματος
1283 2555 1366 2591 eod„
1383 2554 1497 2596 Bergk
1535 2558 1547 2593 Η
1569 2554 1643 2593 ὁμοι-

170 2608 283 2649 λογεΐν
299 2609 389 2650 vulg.
406 2619 488 2640 corr.
508 2609 658 2651 Bernays
699 2613 711 2648 Η
733 2608 767 2639 ἐν
783 2608 854 2640 eod.
874 2618 955 2640 corr.
974 2607 1090 2638 Miller
1136 2608 1148 2642 ΙΙ
1168 2604 1246 2638 εἶναι
1263 2607 1396 2639 Miller:
1427 2605 1540 2638 εἰδέναι
1558 2606 1641 2643 cod„

171 2660 330 2702 Bernays,
347 2660 478 2701 Bergk:
502 2659 646 2701 γίνεσθαι
663 2660 817 2691 Mullach
853 2664 865 2699 ΙΙ
886 2659 1069 2690 orationem
1083 2658 1132 2689 ita
1148 2658 1439 2700 redintegrandam
1461 2658 1642 2689 arbitratur

171 2711 338 2752 Bergkius
352 2722 358 2743 :
384 2710 516 2742 Δίκαιον
533 2711 590 2742 οὐκ
607 2711 684 2750 ἐμοῦ
700 2709 789 2742 ἀλλὰ
805 2711 863 2742 τοῦ
880 2709 1040 2751 δόγματος
1055 2708 1255 2741 ἀκούσαντας
1274 2708 1468 2750 ὁμολογέειν
1485 2708 1534 2740 ὅτι
1553 2707 1587 2740 ἓν
1603 2707 1644 2739 τὸ

171 2761 274 2802 σοφόν
291 2761 392 2799 ἔστιν,
410 2762 444 2794 ἓν
462 2761 566 2793 πάντα
583 2761 706 2795 εἰδέναι.

217 2825 255 2847 11.
278 2816 338 2847 τοῦ
360 2816 488 2848 δέοντος
511 2817 705 2849 Aristotelis
723 2817 905 2848 Clementis
926 2817 1105 2858 Hippolyti
1126 2817 1262 2848 Eusebii
1282 2816 1428 2853 codices;
1452 2827 1483 2847 v.
1501 2814 1645 2856 Spengel

174 2868 217 2899 ad
233 2868 335 2898 Rhet.
347 2868 369 2899 1.
384 2869 406 2898 1.
434 2873 446 2908 Η
467 2868 629 2910 ἀξίινετοι]
642 2869 730 2909 ξετοὶ
746 2870 817 2901 cod.
832 2869 1011 2911 Hippolyti
1037 2874 1049 2908 Η
1068 2868 1219 2910 ἀπείροισι
1233 2869 1402 2910 Bernays:
1427 2866 1546 2909 ἄπειροι
1565 2866 1644 2897 εἷσῖν

175 2919 354 2960 Hippolyti
371 2920 442 2951 eod.
477 2925 489 2959 ΙΙ
511 2919 712 2962 πειρεώμενοι
731 2921 849 2953 Cruiee
884 2926 896 2960 ῃ
919 2920 1044 2961 διερέων
1061 2921 1237 2962 Hippolyti
1249 2921 1318 2952 cod.
1355 2925 1366 2959 Η
1389 2919 1533 2952 ποιοῦσιν
1550 2918 1642 2949 codd.

181 2971 275 3002 Sexti
292 2981 371 3002 corr.
390 2971 551 3003 Mullaeh.

895 3040 920 3065 Β
