1893 3230
219 215 268 249 38
704 220 984 250 ΗΡΑΚΛΕΙΤΟΥ
1014 219 1201 249 ΕΦΕΣΙΟΥ

216 335 300 380 ὑπὸ
324 335 411 385 ἑνὸς
434 340 511 382 τοῦ
537 337 664 382 Θείου·
701 337 869 400 κρατέει
900 335 989 400 γὰρ
1014 340 1234 382 τοσοῦτον
1258 333 1414 381 ὁκόσον
1448 335 1583 381 ἐθέλει
1610 335 1678 380 καὶ

216 410 402 474 ἐξαρκέει
428 413 538 457 πᾶσι
564 411 631 457 καὶ
658 412 941 474 περιγίνεται.

880 542 1022 583 XCII.

217 623 312 668 Τοῦ
350 622 493 683 λόγου
531 623 566 668 δ’
605 623 754 674 ἐόντος
800 624 936 686 ξυνοῦ,
976 622 1132 688 ζώουσι
1181 626 1223 669 οἱ
1268 623 1435 669 πολλοὶ
1474 625 1526 673 ὡς·
1574 621 1678 676 ἰδίην

213 698 389 761 ἔχοντες
424 697 653 760 φρόνησιν.

863 791 1029 833 XCIII.

201 871 278 916 '⁹521
303 871 506 924 μάλιστα
532 870 738 925 διηνεκέως
763 872 1000 925 ὁμιλέουσι,
1026 872 1168 929 τούτῳ
1194 871 1494 934 διαφέρονται.

865 997 1028 1038 XCIV.

214 1078 281 1122 Οὐ
306 1077 368 1124 δεῖ
388 1078 538 1141 ὥσπερ
563 1078 845 1128 καθεύδοντας
870 1085 1005 1124 ποιεῖν
1030 1079 1097 1123 καὶ
1123 1078 1281 1138 λέγειν.

886 1205 1018 1246 XCV.

271 1285 520 1327 Plutarchus
549 1287 598 1327 de
622 1288 808 1340 Supersh.
842 1300 879 1342 3,
910 1301 949 1340 p.
982 1286 1085 1326 166:
1119 1288 1138 1326 ὁ
1169 1285 1428 1338 ξΗράκλειτός
1453 1293 1563 1339 φησι,
1595 1290 1677 1329 τοῖς

212 1356 471 1407 ἐγρηγορόσιν
513 1356 581 1396 ἕνα
623 1356 685 1396 καὶ
727 1356 854 1397 κοινὸν
890 1357 1036 1406 κόσμον
1077 1354 1186 1404 εἶναι,
1229 1359 1305 1396 τῶν
1345 1354 1387 1396 δὲ
1431 1355 1676 1407 κοιμωμένων

213 1422 381 1464 ἕκαστον
403 1425 457 1465 εἰς
479 1425 577 1465 ἴδιον
597 1424 933 1476 ἀποστρέφεσθαι.

211 1585 341 1619 ἐσθλὸν
366 1583 793 1634 &occu—Hippocrates
819 1600 855 1622 π.
876 1587 1008 1632 τροφῆς
1030 1593 1073 1630 15
1092 1596 1098 1620 :
1139 1584 1247 1631 φύσις
1267 1585 1416 1631 ἐξαρκέει
1436 1586 1545 1621 πάντα
1569 1588 1677 1622 πᾶσιν

211 1649 494 1687 —Plu‘tarchus
520 1649 566 1688 de
593 1650 698 1688 Iside
720 1659 782 1698 45,
803 1663 838 1699 p.
865 1651 940 1699 369
961 1663 968 1687 ζ
1008 1651 1064 1685 ἕνα
1093 1652 1199 1697 λόγον
1218 1651 1271 1685 καὶ
1294 1651 1372 1696 μίαν
1389 1652 1560 1698 πρόνοιαν,
1581 1653 1626 1688 ὡς
1644 1653 1677 1687 οἱ

211 1716 360 1760 Στωικοί,
374 1717 627 1763 περιγινομένην
642 1717 796 1752 ἁπάντων
811 1719 863 1751 καὶ
878 1714 1299 1763 κρατοῦσαν-ΡῙΟίῦῖΠΠΒ
1313 1714 1469 1752 Ennvi.
1482 1725 1515 1763 5,
1528 1729 1565 1765 p.
1577 1717 1672 1753 668:

210 1782 249 1815 τὸ
279 1782 419 1827 φρονεῖν
446 1784 553 1817 πᾶσιν
578 1782 671 1822 ὅλον,
694 1782 745 1816 διὸ
771 1783 823 1817 καὶ
850 1783 949 1827 ξυνὸν
974 1782 1013 1815 τὸ
1039 1779 1343 1828 φρονεῖν-ΟΟΠῨ.
1366 1780 1618 1830 Empedocles
1637 1794 1674 1819 V.

214 1857 286 1892 231
313 1844 432 1883 Stein.
453 1859 461 1883 Ζ
499 1850 607 1882 πάντα
626 1848 691 1894 γὰρ
709 1846 784 1883 ἰ’σθι
803 1849 973 1894 φρόνησιν
992 1848 1082 1892 ἔχειν
1101 1847 1154 1881 καὶ
1173 1848 1321 1892 νώματος
1340 1844 1450 1883 αἶσαν.

265 1925 362 1950 XCII.
405 1914 546 1952 Sextus
580 1915 692 1965 Emp.
727 1916 811 1952 adv.
847 1915 968 1953 Math.
998 1914 1065 1952 vii.
1092 1927 1191 1963 133:
1232 1917 1287 1951 διὰ
1315 1916 1445 1951 τούτων
1472 1917 1538 1964 γὰρ
1566 1917 1675 1964 ῥητῶς

210 1981 436 2027 παραστήσας
455 1982 506 2017 ὅτι
526 1983 608 2017 κατὰ
627 1984 776 2028 μετοχὴν
794 1985 854 2018 τοῦ
875 1982 965 2017 θείου
984 1983 1093 2028 λόγου
1107 1982 1217 2017 πάντα
1235 1982 1428 2028 πράττομέν
1447 1997 1483 2017 τε
1503 1983 1556 2018 καὶ
1575 1985 1672 2018 νοοῦ-

209 2061 279 2091 μεν,
302 2046 403 2093 ὀλίγα
431 2048 670 2094 προσδιελθὼν
699 2048 867 2094 ἐπιφέρει·
906 2048 958 2082 διὸ
987 2048 1039 2082 δεῖ
1065 2046 1209 2081 ἕπεσθαι
1236 2049 1283 2095 τῷ
1303 2050 1400 2095 κοινῷ
1418 2044 1534 2096 (ξυνὸς
1561 2048 1627 2095 γὰρ
1653 2050 1672 2082 ὁ

211 2113 349 2158 κοινός)“
406 2116 473 2148 Τοῦ
501 2115 608 2160 λόγου
638 2114 666 2149 δ’
687 2115 800 2150 ἐόντος
829 2115 941 2159 ξυνοῦ,
972 2115 1116 2156 ζώουσιν
1145 2115 1177 2147 οἱ
1205 2114 1329 2148 πολλοὶ
1358 2115 1402 2150 ὡς
1431 2113 1518 2149 ι’διάν
1536 2115 1674 2160 ἔχοντες

210 2179 392 2223 φρόνησιν·
433 2179 451 2222 ἡ
474 2178 502 2213 δ’
522 2179 618 2214 ἐστὶν
637 2180 697 2214 οὐκ
716 2180 804 2214 ἄλλο
832 2195 864 2214 τι
892 2179 970 2214 ἀλλ’
991 2178 1152 2224 ἐξήγησις
1170 2182 1230 2213 τοῦ
1249 2180 1375 2225 τρόπου
1393 2180 1452 2223 τῆς
1470 2181 1530 2214 τοῦ
1548 2181 1674 2216 παντὸς

210 2243 404 2287 διοικήσεως
424 2241 537 2292 (conf.
559 2243 606 2280 fr.
629 2242 770 2294 XIX)·
810 2245 860 2279 διὸ
881 2244 952 2279 καθ’
974 2244 993 2278 ὅ
1011 2259 1043 2279 τι
1062 2242 1102 2278 ἂν
1120 2244 1222 2278 αὐτοῦ
1241 2245 1300 2288 τῆς·
1318 2243 1446 2289 μνήμης
1464 2243 1674 2289 κοινωνήσω-

209 2323 280 2353 μεν,
302 2308 520 2353 ἀληθεύομεν,
538 2309 558 2343 ἃ
577 2310 613 2344 δὲ
631 2308 672 2344 ἂν
692 2311 884 2355 ι’διάσωμεν,
900 2309 1100 2356 ψευδόμεθα
1121 2307 1275 2356 (horum
1294 2308 1503 2345 maximam
1521 2311 1672 2358 partem

210 2385 287 2409 non
316 2372 437 2421 ipsius
466 2372 625 2422 Ephesii
654 2373 720 2411 sed
748 2373 969 2423 interpretis
998 2372 1124 2410 neseio
1154 2373 1260 2410 cuius
1289 2386 1310 2410 a
1339 2372 1457 2411 Sexto
1486 2373 1586 2411 male
1613 2373 1671 2410 in-

187 2467 197 2476 .
210 2437 355 2474 tellecti
375 2451 455 2475 esse
475 2438 643 2476 arbitror
662 2453 668 2476 :
701 2439 799 2476 conf.
820 2437 1145 2476 Schleiermacher
1165 2451 1199 2488 p.
1224 2437 1332 2490 484).

268 2513 383 2540 xcnI.
414 2502 466 2539 M.
489 2502 711 2540 Antoninus
731 2503 781 2541 iv.
804 2505 852 2550 46
875 2502 939 2554 (ad
958 2503 1003 2540 fr.
1020 2503 1060 2542 V
1074 2502 1166 2555 cib).

264 2577 374 2603 XC1V.
405 2567 457 2604 M.
479 2567 702 2605 Antoninus
723 2568 773 2606 iv,
795 2570 844 2615 46
866 2566 931 2617 (ad
949 2568 994 2605 fr.
1013 2567 1048 2605 V
1064 2566 1157 2619 eit).

264 2643 355 2670 xcv.
386 2632 539 2682 Respie‚
573 2633 662 2670 fort.
692 2633 1096 2683 pseudo-Pythagoras
1131 2645 1189 2681 ap.
1218 2631 1421 2682 Hippolyt.
1452 2632 1536 2670 Res.
1565 2632 1669 2672 haer.

210 2696 261 2733 vi.
287 2698 333 2733 26
355 2710 361 2733 Ζ
393 2698 428 2732 ἐκ
448 2700 506 2742 τῆς
525 2699 611 2742 ἰδίης
630 2699 687 2732 ἐὰν
706 2699 891 2743 ἀποδημῇς,
906 2699 950 2743 μὴ
972 2698 1196 2744 ἐπιστρέφου·
1235 2699 1263 2732 εἷ
1284 2699 1320 2733 δέ
1339 2698 1394 2743 μή,
1411 2697 1560 2745 Ἐρινύες
1579 2699 1671 2744 δίκης
1709 2744 1711 2746 ¹

210 2760 381 2806 ἐπίκουροί
410 2776 451 2795 σε
479 2760 742 2805 μετελεύσονται
771 2760 884 2811 (conf.
905 2761 950 2799 fr.
972 2760 1170 2812 XXIX):
1209 2761 1446 2800 Iamblichus
1476 2763 1668 2812 Protrept.

213 2837 230 2861 2
244 2837 274 2867 1,
295 2837 331 2873 p.
350 2837 422 2872 132
446 2823 576 2861 Aroer.

253 2964 351 2988 XCIII.
375 2956 521 2997 διηνεκῶς
538 2957 682 2995 ὁμιλοῦσι
702 2957 787 2997 vulg.
