1893 3230
804 236 1015 265 APPENDIX
1037 251 1091 257 —
1115 238 1153 266 V.
1663 235 1712 268 77

248 349 290 385 δι’
310 350 356 385 ὧν
375 351 622 397 ἁμαρτάνουσιν
641 349 907 397 ἐλεγχθήσονται
928 353 980 386 καὶ
999 353 1292 399 περιουσιάζοντες
1322 354 1580 397 σκηνοβατῶσιν
1607 355 1716 388 αὑτῶν

247 415 307 460 τὴν
333 415 531 461 μοχθηρίαν·
570 415 590 460 ἡ
619 415 648 450 δ’
678 415 802 462 ἀπορία
830 418 1079 462 παρακάλυμμά
1109 418 1213 454 ἐστιν.
1247 418 1292 463 μὴ
1321 416 1473 454 ἐπιλίποι
1501 419 1586 463 ὑμᾶς
1614 418 1714 465 τύχη,

246 478 301 516 ἵνα
329 479 536 525 ὀνειδίζησθε
563 483 831 527 πονηρευόμενοι.
863 481 955 516 οὗτοι
983 483 1045 526 μὲν
1071 485 1270 529 χαιρόντων,
1296 483 1342 517 σὺ
1371 483 1411 518 δέ
1435 498 1492 529 μοι
1522 483 1628 528 δήλου
1657 485 1716 518 τὸν

247 546 361 591 καιρὸν
378 546 438 590 τῆς
460 545 588 589 ἐξόδου.
619 546 753 582 πάντως
776 546 927 592 ἐντυχεῖν
951 561 1008 582 σοι
1035 547 1205 592 βούλομαι
1234 549 1286 582 καὶ
1315 548 1393 594 περί
1419 563 1456 583 τε
1485 548 1602 583 ἄλλων
1629 550 1715 584 πάνυ

209 619 227 651 5
247 612 384 656 συχνῶν
412 611 465 645 καὶ
492 611 569 657 περὶ
599 612 707 646 αὐτῶν
734 614 801 646 τῶν
828 612 936 657 νόμων
963 612 1097 658 βραχέα
1125 612 1240 648 εἰπεῖν.
1271 613 1425 660 ἔγραφον
1454 613 1482 648 δ’
1503 614 1543 648 ἂν
1572 615 1664 659 αὐτά,
1687 614 1716 648 εἷ

244 676 290 720 μὴ
322 675 400 722 περὶ
430 678 555 712 παντὸς
583 675 766 722 ἐποιούμην
793 677 967 724 ἀπόρρητα
994 680 1111 723 μεῖναι.
1159 678 1256 712 οὐδὲν
1285 678 1320 712 δέ
1350 676 1438 713 οὕτω
1473 681 1641 714 σιωπᾶται
1670 681 1715 716 ὡς

246 741 293 776 ἔνὶ
312 742 428 776 λαλῶν
448 738 504 782 εἷς,
526 742 578 776 καὶ
598 742 647 776 ἕτι
670 743 804 786 μᾶλλον
821 741 1043 789 “Ηράκλειτος
1059 742 1275 790 Ἐρμοδώρῳ.
1305 744 1431 778 πολλοὶ
1451 745 1490 778 οὐ
1510 744 1715 791 διαφέρουσι

246 806 410 853 κεραμίων
448 807 594 854 σαθρῶν,
634 808 680 844 ὡς
715 807 818 852 μηδὲν
855 809 991 855 στέγειν
1029 807 1204 853 δύνασθαι,
1243 808 1321 843 ἀλλ’
1361 809 1425 844 ὑπὸ
1465 811 1716 857 γλωσσαλγίας

245 872 401 919 διαρρεῖν.
457 872 626 918 Ἀθηναῖοι
653 872 746 910 ὅντες
771 873 975 920 αὐτόχθονες
1003 874 1157 921 ἔγνωσαν
1185 872 1294 920 φύσιν
1322 873 1516 921 ἀνθρώπων,
1538 875 1590 910 ὅτι
1618 878 1714 922 γενό-

187 945 227 969 10
244 953 337 983 μενοι
357 938 392 973 έκ
410 940 472 986 γῆς
492 938 566 974 ἔσθ’
587 938 642 974 ὅτε
663 939 868 986 διερρωγότα
891 939 1012 985 ἔχουσι
1039 942 1127 975 νοῦν.
1157 938 1296 976 τούτους
1325 939 1529 976 ἐπαίδευσαν
1557 942 1715 987 φυλακὴν

244 1002 444 1051 ἀπορρήτων
477 1004 531 1039 διὰ
563 1005 769 1051 μυστηρίων,
799 1003 851 1040 ’ἶνα
883 1019 955 1041 πως
987 1006 1091 1053 φόβῳ
1127 1008 1282 1052 σιγῶσιν,
1321 1005 1398 1039 ἀλλ’
1430 1006 1468 1040 οὐ
1508 1006 1629 1052 κρίσει,
1660 1008 1713 1041 καὶ

243 1069 359 1114 μηκέτι
377 1070 531 1116 χαλεπὸν
549 1067 570 1114 ᾖ
588 1071 627 1105 τὸ
645 1071 831 1115 μελετῆσαι
851 1072 892 1114 τῇ
912 1070 1011 1116 ψυχῇ
1031 1071 1174 1105 σιωπᾶν.

938 1197 1015 1235 ΙΧ.

297 1289 351 1335 Τῷ
384 1288 484 1336 αὐτῷ.
535 1287 639 1334 ’Άχρι
670 1288 768 1332 τίνος,
799 1287 1005 1334 Ἐρμόδωρε,
1035 1288 1128 1322 κακοὶ
1156 1288 1293 1323 ἔσονται
1322 1288 1492 1334 ἅνθρωποι
1522 1291 1573 1324 καὶ
1603 1291 1714 1325 οὐκέτι

242 1349 290 1389 εἷς
319 1352 462 1390 ἕκαστος
493 1353 569 1399 ἰδίᾳ,
602 1353 693 1388 ἀλλὰ
722 1353 775 1388 καὶ
804 1356 894 1398 κοινῇ
922 1354 1040 1396 πόλεις
1070 1353 1169 1394 ὅλαι;
1211 1352 1373 1400 Ἐφέο-ιοί
1401 1369 1443 1389 σε
1473 1354 1604 1401 ἀνδρῶν
1633 1355 1713 1390 ὅντα

185 1428 222 1461 15
242 1417 384 1466 ἄριστον
413 1418 625 1454 ἐλαύνουσιν.
675 1418 747 1454 ἀντὶ
784 1419 874 1455 τίνος
904 1417 922 1464 ἢ
954 1418 1006 1454 ὅτι
1040 1419 1161 1464 νόμους
1193 1419 1340 1465 γράφεις
1371 1421 1442 1456 τοῖς
1474 1420 1713 1467 ἀπελευθέροις

241 1484 473 1520 ι’σοπολιτείας
502 1485 556 1519 καὶ
584 1486 653 1520 τοῖς
682 1483 810 1519 τούτων
841 1485 967 1520 τέκνοις
998 1484 1189 1529 ἷσοτιμίας;
1230 1485 1337 1519 καίτοι
1366 1500 1406 1532 γε
1437 1486 1455 1519 ὁ
1484 1486 1545 1530 μὲν
1572 1485 1714 1533 γνήσιος

240 1549 383 1594 πολίτης
416 1550 455 1584 οὐ
489 1550 612 1596 κριθεὶς
641 1549 766 1597 ἀγαθὸς
795 1550 932 1596 γίνεται,
968 1550 1059 1584 ἀλλὰ
1088 1550 1260 1596 γεννηθεὶς
1289 1550 1519 1597 ἀναγκάζεται,
1551 1552 1603 1586 καὶ
1642 1551 1712 1587 οὐδ’

365 1643 372 1651 .
404 1614 443 1660 ἢν
471 1615 678 1662 ἀναγκασθῇ,
698 1615 864 1651 πολλάκις
892 1616 990 1651 κακὸς
1012 1615 1148 1660 ἔμεινεν,
1169 1613 1200 1650 οἳ
1229 1616 1264 1650 δέ
1294 1616 1554 1661 δοκιμασθέντες
1577 1617 1712 1661 ἀξιοῦν-

240 1696 295 1716 ται
322 1683 383 1716 τοῦ
411 1679 660 1726 πολιτεύματος
688 1679 962 1727 μαρτυρήσαντες
988 1681 1055 1729 βίῳ
1084 1682 1123 1715 τὸ
1152 1681 1316 1727 ἰσότιμον,
1345 1683 1445 1731 πόσῳ
1475 1683 1655 1729 κρείττους,
1681 1684 1712 1718 οἶ

183 1756 222 1779 20
241 1746 283 1782 δι’
312 1746 433 1794 ἀρετῆς
460 1748 733 1793 ἐγγραφόμενοι,·
772 1746 1024 1792 Λακεδαιμόνιοι
1055 1746 1091 1781 δὲ
1120 1746 1191 1792 μετ’
1220 1746 1338 1782 ἄλλων
1366 1749 1419 1783 καὶ
1447 1751 1548 1783 τοῦτο
1578 1747 1711 1795 ἀγαθοί,

240 1813 279 1847 οὐ
298 1813 495 1859 γράμμασιν
513 1810 764 1848 ἀποδεικνύντες
791 1812 1011 1857 Σπαρτιάτας,
1032 1810 1110 1846 ἀλλ’
1131 1811 1258 1859 ἀγωγῇ·
1290 1813 1350 1847 κᾶν
1369 1813 1480 1848 ἐλθών
1507 1829 1556 1850 τις
1585 1814 1712 1859 Σκύθης

239 1877 258 1923 ἢ
278 1878 473 1925 Τριβαλλὸς
491 1876 510 1922 ἢ
531 1878 734 1924 Παφλαγὼν
753 1877 772 1923 ἢ
792 1877 895 1922 μηδὲν
915 1878 1003 1923 ἔχων
1032 1877 1136 1923 ὄνομα
1163 1873 1282 1924 χώρης·
1307 1879 1441 1923 ὑποστῇ
1470 1879 1531 1924 τὴν
1559 1879 1710 1926 Λυκούρ-

237 1958 331 1990 γειον
369 1942 641 1990 σκληραγωγίαν,
678 1942 794 1978 Λάκων
831 1943 937 1988 ἐστίν,
970 1944 1061 1978 ὥστε
1092 1943 1236 1979 ἕκαστος
1268 1947 1334 1979 τῶν
1369 1944 1637 1980 πολιτευθέντων
1676 1945 1712 1980 ἐν

238 2011 345 2058 ἑαυτῷ
372 2009 489 2055 φέρων
517 2008 576 2054 τὴν
603 2009 747 2055 πατρίδα
775 2008 921 2055 ἔρχεται,
942 2009 1056 2053 πάσης
1084 2008 1120 2044 δέ
1149 2010 1282 2046 πόλεως
1311 2009 1496 2057 φυγαδεύει
1526 2010 1632 2055 κακία,
1653 2010 1713 2046 κᾶν

180 2083 218 2116 25
238 2074 274 2110 ἐν
299 2076 420 2120 μέσαις
447 2076 521 2111 ταῖς
551 2073 694 2119 στήλαις
722 2089 772 2110 τις
801 2074 884 2120 οἶκῇ.
915 2074 992 2109 οὐδὲ
1011 2073 1177 2120 Ἐφέσιον
1205 2071 1289 2110 εἶναί
1317 2090 1392 2110 τινα
1419 2074 1588 2121 πείθομαι,
1609 2076 1639 2111 εἶ
1665 2077 1710 2122 μὴ

238 2141 284 2178 ὦς
312 2139 393 2175 κύνα
419 2139 587 2186 Ἐφέσιον
614 2138 633 2185 ἢ
662 2141 758 2181 βοῦν,
788 2139 870 2186 ἀνὴρ
900 2139 936 2174 δέ
964 2138 1141 2186 Ἐφέσιος,
1172 2140 1201 2174 εἷ
1228 2139 1364 2187 ἀγαθός,
1396 2141 1527 2186 κόσμου
1556 2141 1710 2185 πολίτης.

238 2209 339 2241 τοῦτο
366 2206 434 2253 γὰρ
462 2206 570 2241 κοινὸν
596 2205 731 2240 πάντων
759 2205 834 2240 ἐστὶ
861 2205 997 2252 χωρίον,
1018 2206 1055 2240 ἐν
1079 2201 1107 2254 ᾧ
1125 2207 1224 2250 νόμος
1253 2207 1348 2241 ἐστὶν
1376 2207 1415 2241 οὐ
1444 2207 1596 2254 γράμμα,
1618 2207 1710 2242 ἀλλὰ

239 2271 326 2316 θεός,
358 2272 411 2307 καὶ
441 2273 459 2306 ὁ
489 2271 708 2318 παραβαίνων
736 2269 758 2305 ἃ
787 2270 854 2317 χρὴ
893 2269 1072 2315 ἀσεβήσει·
1120 2272 1253 2316 μᾶλλον
1283 2271 1320 2306 δὲ
1351 2271 1428 2306 οὐδὲ
1457 2271 1708 2319 παραβήσεται,

239 2337 268 2372 εἶ
305 2338 462 2384 παραβὰς
500 2337 538 2371 οὐ
573 2335 728 2381 λήσεται.
773 2335 902 2371 πολλαὶ
939 2334 1032 2380 δίκης
1063 2333 1224 2382 Ἐρινύες,
1259 2338 1504 2383 ἁμαρτημάτων
1541 2336 1704 2384 φύλακες.

179 2410 220 2442 30
237 2402 401 2440 Ἠσίοδος
430 2401 607 2449 ἐψεύσατο
635 2404 726 2449 τρεῖς
752 2400 916 2448 μυριάδας
945 2400 1057 2437 εἰπών·
1087 2401 1200 2448 ὀλίγαι
1229 2402 1327 2446 εἰσίν,
1356 2402 1415 2437 οὐκ
1443 2402 1586 2447 ἀρκοῦσι
1615 2402 1711 2449 κακίᾳ

238 2471 381 2515 κόσμου·
411 2467 502 2504 πολύ
522 2468 596 2503 ἐστι
615 2466 765 2514 πονηρία.
797 2464 871 2511 ἐμοὶ
890 2466 927 2501 δὲ
952 2468 1091 2501 πολῖται
1120 2466 1202 2512 θεοί,
1223 2466 1312 2503 θεοῖς
1340 2467 1501 2511 ξυνοικῶν
1529 2466 1571 2502 δι’
1590 2467 1712 2514 ἀρετῆς

238 2531 313 2571 οἶδα
339 2534 437 2580 ἥλιον
466 2535 595 2569 ὁπόσος
623 2532 708 2573 ἐστί,
729 2531 870 2578 πονηροὶ
898 2532 935 2566 δέ
963 2530 1033 2567 οὐδ’
1053 2530 1105 2566 ὅτι
1134 2532 1230 2567 εἰσίν.
1260 2531 1279 2578 ἢ
1309 2531 1528 2579 αἰσχύνονται
1546 2531 1710 2580 Ἐφέσιοι

285 2708 298 2730 1
319 2698 577 2739 ἐλεγχθήσονται
602 2698 672 2730 cod.
699 2698 811 2730 Maz.:
844 2696 1110 2739 ἐλεγχθήσωνται
1135 2698 1248 2741 vulg.:
1276 2698 1480 2741 ἐλέγχωνται
1506 2699 1708 2731 Pantazides

238 2751 280 2782 ab
295 2751 468 2782 Herehero
483 2750 539 2783 cit.
558 2752 605 2791 (v.
624 2753 736 2782 tamen
751 2750 792 2781 E.
812 2750 855 2781 A.
873 2750 1050 2791 Sophocles
1066 2751 1148 2783 Lex.
1164 2751 1223 2783 Gr.
1242 2761 1267 2782 s.
1283 2762 1314 2782 v.
1331 2751 1397 2792 ἵνα)
1451 2755 1463 2790 ΙΙ
1525 2761 1560 2783 11
1579 2751 1631 2782 ἵνα
1647 2763 1708 2782 πως

238 2802 267 2833 Β
282 2814 287 2833 ;
312 2802 349 2833 ἵν’
366 2802 405 2832 ὡς
419 2802 477 2833 W.
492 2802 583 2843 vulg.
634 2805 645 2840 11
707 2810 745 2842 15
762 2801 869 2841 νόμοις
885 2802 914 2833 Β
931 2814 937 2833 :
963 2801 1086 2834 δούλοις
1103 2803 1148 2834 W
1206 2807 1218 2842 ΙΙ
1277 2802 1452 2845 ἐλευθέροις
1468 2803 1560 2845 vulg.
1577 2814 1659 2835 corr.
1677 2804 1707 2834 B

240 2857 253 2893 Η
276 2853 314 2885 16
331 2853 548 2885 ἰσοπολιτείαν
563 2854 640 2886 WB
666 2857 678 2892 ΙΙ
707 2853 868 2893 ἰσοτιμίαν
884 2855 959 2886 WB
985 2858 996 2893 ΙΙ
1031 2862 1069 2896 17
1086 2854 1137 2886 καὶ
1154 2855 1245 2886 οὐδὲν
1267 2854 1379 2896 ἧττον,
1395 2854 1454 2888 κᾶν
1470 2856 1659 2897 ἀναγκασθῇ
1677 2856 1706 2886 Β

240 2909 252 2945 ΙΙ
275 2906 313 2937 18
341 2904 371 2936 οἳ
394 2905 594 2937 Boissonade
623 2906 672 2937 B:
710 2906 740 2937 οἶ
763 2906 808 2937 W
857 2909 869 2945 ΙΙ
931 2916 970 2938 20
997 2907 1110 2948 ἀρετῆς
1133 2907 1202 2939 cod.
1227 2908 1303 2939 Par.
1333 2907 1436 2948 1760:
1473 2906 1588 2949 ἀρετὴν
1616 2907 1703 2948 vulg.

241 2961 253 2996 ΙΙ
275 2966 312 2988 22
330 2956 433 2998 χώρης
450 2957 522 2989 eod.
537 2958 614 2990 Par.
635 2956 718 2997 1760
735 2969 741 2989 :
767 2956 871 2999 χώρας
886 2958 975 2999 vulg.
