1893 3230
786 274 886 303 ΠΕΡΙ
917 274 1096 304 ΦΥΣΕΩΣ.
1625 268 1672 302 19

857 402 1018 443 XLVI.

261 479 510 520 Aristoteles
542 479 642 521 Eth.
675 480 771 522 Nic.
804 481 891 522 viii.
927 495 965 531 2,
995 497 1034 536 p.
1073 491 1179 533 1155
1203 482 1222 520 b
1250 494 1264 520 1
1292 497 1299 521 :
1334 481 1395 521 καὶ
1426 481 1513 533 περὶ
1545 481 1671 522 αὐτῶν

203 548 349 589 τούτων
389 549 581 601 ἀνώτερον
622 549 845 600 ἐπιζητοῦσι
886 550 947 590 καὶ
989 550 1266 601 φυσικώτερον·
1350 549 1558 601 Εὐριπίδης
1595 549 1671 599 μὲν

202 614 369 666 φάσκων
404 617 495 668 ἐρᾶν
533 618 606 667 μὲν
640 618 792 669 ὄμβρου
832 621 948 670 γαῖαν
990 616 1264 670 ξηρανθεῖσαν,
1301 617 1392 668 ε’ρᾶν
1438 617 1478 657 δὲ
1522 617 1669 668 σεμνὸν

202 683 368 735 οὐρανὸν
403 686 672 738 πληρούμενον
702 687 853 737 ὄμβρου
890 689 1031 727 πεσεῖν
1064 688 1101 728 ἐς
1136 689 1266 738 γαῖαν·
1311 686 1373 725 καὶ
1408 684 1669 738 ἹΙράκλει-τος

201 749 250 790 τὸ
293 751 505 802 ἀντίξουν
552 751 804 804 συμφέρον,
847 752 917 793 καὶ
966 754 1012 793 ἐκ
1059 755 1144 793 τῶν
1190 754 1514 805 διαφερόντων
1561 758 1666 794 καλ-

198 819 366 871 λίστην
397 821 633 872 ἁρμονίαν,
667 821 741 861 καὶ
772 820 928 862 πάντα
960 820 1053 861 κατ’
1087 820 1185 872 ἔριν
1215 822 1449 873 γίνεσθαι.

839 927 1028 968 XLVII.

197 1007 402 1071 Ἁρμονίη
428 1009 596 1071 ἀφανὴς
620 1012 806 1071 φανερῆς
831 1010 1054 1072 κρείσσων.

195 1158 246 1193 ἀεὶ
265 1159 484 1205 ξυμφέρεται,
500 1161 612 1206 φασὶν
623 1162 656 1195 αἱ
677 1162 920 1206 συντονώτεραι
939 1165 1006 1195 τῶν
1023 1159 1448 1205 μουσῶν-ΡῙυῒῆΓοῇυε
1468 1159 1514 1196 de
1530 1159 1659 1198 Anim.

194 1227 380 1272 procreat.
405 1232 466 1271 27,
486 1236 524 1273 p.
546 1225 648 1261 1026
666 1239 673 1260 ε
705 1224 744 1270 ἣν
765 1222 860 1274 (scil.
882 1223 1044 1274 ἀνάγκην)
1065 1226 1262 1272 εἱμαρμένην
1281 1227 1312 1260 οἱ
1334 1227 1459 1261 πολλοὶ
1485 1228 1659 1262 καλοῦσιν’

194 1288 426 1334 Ἐμπεδοκλῆς
458 1290 494 1324 δέ
524 1290 645 1336 φιλίαν
672 1292 758 1335 ὁμοῦ
787 1290 840 1324 καὶ
869 1283 988 1326 νεῖκος·
1025 1289 1247 1336 Ἡράκλειτος
1276 1291 1311 1325 δέ
1340 1290 1572 1336 παλίντροπον
1601 1291 1661 1337 ἁρ-

191 1355 308 1399 μονίην
335 1357 475 1400 κόσμου,
506 1355 664 1401 ὅκωσπερ
692 1354 799 1402 λύρας
827 1356 880 1390 καὶ
908 1353 1309 1403 &geu—Hippolytus
1330 1354 1416 1393 Ref.
1436 1354 1538 1393 haer.
1559 1355 1611 1392 iX.
1636 1369 1658 1404 9

193 1415 258 1468 (ad
277 1417 323 1455 fr.
346 1418 364 1455 Ι
385 1418 677 1469 cit.)—Respio.
698 1418 881 1468 Synesius
903 1418 950 1455 de
971 1418 1142 1456 Insomn.
1170 1428 1243 1467 135
1258 1418 1294 1456 A
1312 1435 1319 1456 :
1349 1422 1388 1456 τὸ
1409 1419 1437 1455 δ’
1458 1421 1496 1465 ἐξ
1516 1422 1658 1456 ἀντικει-

156 1489 158 1491 ’
189 1485 298 1529 μένων
317 1484 351 1520 ἓν
370 1485 521 1532 ἁρμονία,
543 1487 595 1520 καὶ
613 1485 719 1532 λύρας
738 1487 790 1520 καὶ
810 1483 1111 1530 κόσμου-ΟΟΠῈ
1130 1484 1376 1522 Parmenides
1391 1499 1427 1522 V.
1447 1495 1495 1533 59
1514 1485 1654 1524 Smin:

190 1551 326 1585 πάντων
345 1551 381 1585 δὲ
399 1550 628 1597 παλίντροπός
647 1552 723 1586 ἐστι
743 1550 914 1587 κέλευθος.

242 1625 355 1652 XLVI.
390 1614 497 1652 Conf.
516 1614 801 1664 Theophrastus
822 1613 991 1663 Metaph.
1019 1624 1065 1662 15
1081 1627 1089 1651 ἰ
1119 1615 1248 1662 ἄλογον
1267 1616 1303 1650 δὲ
1323 1616 1453 1651 κάκεῖνο
1470 1617 1598 1661 δόξειεν
1617 1618 1659 1652 ἂν

193 1680 221 1714 εἷ
240 1682 258 1715 ὁ
277 1682 338 1726 μὲν
357 1681 437 1718 ὅλος
460 1682 599 1728 οὐρανὸς
627 1682 680 1716 καὶ
709 1681 835 1716 ἕκαστα
857 1684 923 1715 τῶν
945 1684 1055 1726 μερῶν
1077 1680 1195 1716 ἅπαντ’
1215 1680 1251 1716 ἐν
1280 1681 1374 1725 τάξει
1401 1682 1453 1716 καὶ
1479 1684 1574 1730 λόγῳ
1603 1684 1656 1718 καὶ

186 1748 336 1793 μορφαῖς
361 1748 413 1782 καὶ
440 1748 603 1792 δυνάμεσι
629 1748 682 1781 καὶ
712 1747 893 1794 περιόδοις,
914 1746 949 1780 ἐν
969 1746 1004 1780 δέ
1031 1748 1103 1782 ταῖς
1129 1746 1249 1792 ἀρχαῖς
1267 1746 1371 1791 μηθὲν
1390 1749 1554 1792 τοιοῦτον,
1576 1747 1656 1782 ἀλλ’

187 1811 303 1857 ὥσπερ
324 1813 431 1859 σάρον
459 1808 532 1863 [sta
558 1810 752 1860 Bernayst
783 1812 895 1858 σωρὸς
916 1810 1089 1856 Usener;
1120 1810 1211 1856 σὰρξ
1230 1806 1353 1861 vulg]
1375 1812 1443 1855 εἰκῆ
1464 1813 1655 1857 κεχυμένων

185 1877 204 1910 ὁ
224 1876 422 1922 κάλλιστος,
455 1878 565 1923 φησὶν
593 1877 823 1923 “Ηρα’κλειτος,
856 1871 909 1927 [ὁ]
940 1874 1275 1923 κόσμος-ΒΘΒΡῙΟ.
1307 1875 1405 1912 hanc
1436 1876 1654 1924 argumenffi

186 1938 398 1978 Heraclitei
426 1945 577 1990 partem
607 1940 717 1977 Philo
748 1940 821 1987 Qu.
844 1939 884 1976 in
912 1939 1007 1978 Gen.
1029 1939 1083 1976 iii.
1108 1949 1141 1987 5,
1162 1953 1198 1989 p.
1229 1942 1302 1987 178
1327 1940 1518 1987 Aucher.;
1549 1941 1654 1979 idem

183 2010 312 2043 autem
341 2006 387 2043 de
413 2006 603 2055 Aqrz'calt.
635 2018 696 2054 31,
722 2019 760 2054 p.
791 2018 863 2054 321
889 2004 990 2042 hunc
1019 2005 1066 2042 de
1095 2005 1298 2043 contrariis
1327 2005 1455 2043 locum
1484 2010 1654 2045 testatur

181 2070 391 2108 admodum
409 2071 549 2109 tritum
567 2071 609 2108 in
629 2070 768 2108 scholis
788 2070 904 2108 fuisse
924 2070 1251 2120 philosophorum.

234 2147 363 2174 XLVH.
395 2136 624 2174 Plutarchus
653 2136 699 2173 de
720 2134 852 2173 Anim.
872 2140 1056 2185 procreat.
1086 2147 1146 2184 27,
1167 2150 1201 2186 p.
1225 2137 1352 2174 1026:
1383 2139 1442 2180 τῆς
1468 2138 1504 2172 δὲ
1531 2139 1650 2184 ψυχῆς

181 2203 278 2237 οὐδὲν
307 2204 368 2248 μὲν
401 2203 574 2249 εἰλικρινὲς
605 2201 673 2237 οὐδ’
712 2203 866 2249 ἄκρατον,
905 2203 984 2237 οὐδὲ
1022 2204 1128 2250 χωρὶς
1164 2202 1385 2238 ἀπολείπεται
1418 2207 1485 2239 τῶν
1521 2203 1649 2238 ἄλλων·

180 2265 318 2313 ἁρμονίη
338 2269 403 2315 γὰρ
430 2267 563 2313 ἀφανὴς
592 2269 740 2314 φανερῆς
766 2266 937 2314 κρείττων,
957 2267 1029 2302 καθ’
1048 2267 1284 2315 ςΗράκλειτον,
1304 2269 1340 2304 ἐν
1358 2265 1381 2312 ᾗ
1403 2269 1462 2305 τὰς
1482 2269 1652 2315 διαφορὰς

178 2333 232 2367 καὶ
251 2333 309 2368 τὰς
329 2334 523 2379 ἑτερότητας
543 2334 561 2366 ὁ
581 2331 728 2379 μιγνύων
744 2332 820 2368 θεὸς
839 2332 968 2378 ἔκρυψε
989 2333 1042 2366 καὶ
1062 2330 1543 2380 xare'varev—Hippolytus
1559 2331 1648 2369 Res.

177 2394 279 2433 haer.
313 2396 364 2433 ix.
400 2409 529 2445 9—10:
571 2397 623 2432 ὅτι
652 2397 692 2432 δέ
717 2398 812 2432 ἐστιν
842 2425 849 2432 .
882 2425 889 2433 .
921 2425 929 2433 .
962 2424 969 2433 .
1000 2397 1132 2443 ἀφανὴς
1164 2392 1213 2448 [2]
1249 2399 1267 2431 ὁ
1301 2396 1444 2443 ἀόρατος
1471 2397 1650 2444 ἄγνωστος

175 2461 365 2509 ἀνθρώποις
394 2464 429 2498 ἐν
457 2462 590 2499 τούτοις
619 2463 726 2510 λέγει·
774 2460 924 2510 Ἁρμονίη
953 2462 1086 2508 ἀφανὴς
1114 2464 1262 2509 φανερῆς
1292 2463 1460 2508 κρείττων.
1518 2463 1649 2498 ἐπαινεῖ

175 2528 228 2562 καὶ
245 2529 474 2575 προθαυμάζει
494 2529 561 2575 πρὸ
586 2531 648 2563 τοῦ
676 2528 928 2575 γινωσκομένου
950 2529 990 2563 τὸ
1016 2528 1195 2575 ἄγνωστον
1215 2528 1319 2562 αὐτοῦ
1345 2528 1398 2562 καὶ
1423 2527 1568 2574 ἀόρατον
1586 2529 1647 2573 τῆς

174 2592 355 2639 δυνάμεως.
415 2594 468 2630 ὅτι
495 2594 534 2629 δέ
555 2594 649 2629 ἐστιν
675 2595 797 2639 ὁρατὸς
825 2594 1014 2642 ἀνθρώποις
1041 2596 1094 2629 καὶ
1121 2595 1179 2628 οὐκ
1205 2592 1435 2640 ἀνεξεύρετος,
1455 2594 1491 2628 ἐν
1511 2594 1646 2630 τούτοις

172 2659 278 2705 λέγει·
316 2658 435 2694 Ὂσων
455 2659 541 2706 ὄψις
559 2659 641 2704 ἀκοὴ
660 2658 820 2704 μάθησις,
840 2662 947 2694 ταῦτα
967 2660 1033 2706 ἐγὼ
1052 2658 1224 2706 προτιμέω
1245 2656 1362 2709 (=fr.
1383 2656 1519 2709 XIII),
1540 2660 1644 2706 φησί,

171 2724 330 2760 τουτέστι
348 2725 390 2759 τὰ
409 2726 514 2771 ὁρατὰ
533 2728 601 2759 τῶν
620 2725 784 2771 ἀοράτων.
841 2724 909 2759 ἀπὸ
935 2728 1002 2760 τῶν
1019 2724 1182 2760 τοιούτων
1209 2725 1313 2760 αὐτοῦ
1337 2726 1451 2771 λόγων
1469 2726 1645 2759 κατανοεῖν

170 2788 300 2834 ῥᾴδιον·
337 2790 570 2834 ἐξηπάτηνται,
600 2790 721 2835 φησίν,
757 2791 789 2824 οἱ
819 2789 990 2836 ἅνθρωποι
1014 2791 1100 2837 πρὸς
1131 2791 1193 2835 τὴν
1225 2793 1354 2837 γνῶσιν
1386 2793 1454 2824 τῶν
1484 2792 1643 2837 φανερῶν

171 2855 419 2900 παραπλησίως
435 2854 584 2903 Ὁμήρῳ,
605 2853 641 2891 ὃς
667 2854 801 2902 ἐγένετο
821 2858 888 2890 τῶν
906 2854 1082 2900 Ἑλλήνων
1102 2856 1304 2902 σοφώτερος
1324 2856 1468 2890 πάντων.
1517 2856 1644 2890 ἐκεῖνόν

219 2991 327 3014 XLVII.
352 2983 382 3014 ἐς
399 2982 430 3013 τί
442 2982 503 3024 γὰρ
519 2983 548 3014 ἁ.
566 2983 595 3014 ἀ.
612 2990 645 3025 φ.
662 2982 821 3024 κρέσσωνς
847 2984 1014 3015 Schuster.

873 3048 895 3075 C
922 3048 942 3077 Ζ
