<?xml version="1.0" encoding="UTF-8"?>
<!DOCTYPE html PUBLIC "-//W3C//DTD XHTML 1.0 Transitional//EN"
    "http://www.w3.org/TR/xhtml1/DTD/xhtml1-transitional.dtd">
<html xmlns="http://www.w3.org/1999/xhtml" xml:lang="en" lang="en">
 <head>
  <title>
</title>
<meta http-equiv="Content-Type" content="text/html;charset=utf-8" />
  <meta name='ocr-system' content='tesseract 3.04.00' />
  <meta name='ocr-capabilities' content='ocr_page ocr_carea ocr_par ocr_line ocrx_word'/>
</head>
<body>
  <div class='ocr_page' id='page_1' title='image "./reliquiaerecensu00herauoft_0081.png"; bbox 0 0 1893 3230; ppageno 0'>
   <div class='ocr_carea' id='block_1_1' title="bbox 770 158 1681 193">
    <p class='ocr_par' dir='ltr' id='par_1_1' title="bbox 770 158 1681 193">
     <span class='ocr_line' id='line_1_1' title="bbox 770 158 1681 193; baseline 0 -2"><span class='ocrx_word' id='word_1_1' title='bbox 770 163 981 192; x_wconf 71' lang='lat' dir='ltr'>APPENDIX</span> <span class='ocrx_word' id='word_1_2' title='bbox 1002 176 1059 182; x_wconf 91' lang='lat'>—-</span> <span class='ocrx_word' id='word_1_3' title='bbox 1080 164 1126 193; x_wconf 83' lang='lat'>11.</span> <span class='ocrx_word' id='word_1_4' title='bbox 1631 158 1681 192; x_wconf 84' lang='lat'>63</span> 
     </span>
    </p>
   </div>
   <div class='ocr_carea' id='block_1_2' title="bbox 151 275 1685 2412">
    <p class='ocr_par' dir='ltr' id='par_1_2' title="bbox 151 275 1685 2412">
     <span class='ocr_line' id='line_1_2' title="bbox 216 275 1684 322; baseline 0.001 -11"><span class='ocrx_word' id='word_1_5' title='bbox 216 278 276 311; x_wconf 85' lang='grc' dir='ltr'>τοῦ</span> <span class='ocrx_word' id='word_1_6' title='bbox 294 275 441 321; x_wconf 79' lang='grc' dir='ltr'>μέζονος·</span> <span class='ocrx_word' id='word_1_7' title='bbox 472 278 606 322; x_wconf 77' lang='grc' dir='ltr'>αὔξεται</span> <span class='ocrx_word' id='word_1_8' title='bbox 626 278 664 311; x_wconf 83' lang='grc' dir='ltr'>τὸ</span> <span class='ocrx_word' id='word_1_9' title='bbox 684 276 783 321; x_wconf 80' lang='grc' dir='ltr'>μέζον</span> <span class='ocrx_word' id='word_1_10' title='bbox 808 277 874 312; x_wconf 83' lang='grc' dir='ltr'>ἀπὸ</span> <span class='ocrx_word' id='word_1_11' title='bbox 903 279 962 312; x_wconf 84' lang='grc' dir='ltr'>τοῦ</span> <span class='ocrx_word' id='word_1_12' title='bbox 992 278 1185 314; x_wconf 73' lang='grc' dir='ltr'>ἐλάσσονος</span> <span class='ocrx_word' id='word_1_13' title='bbox 1214 278 1266 312; x_wconf 79' lang='grc' dir='ltr'>καὶ</span> <span class='ocrx_word' id='word_1_14' title='bbox 1295 278 1333 312; x_wconf 86' lang='grc' dir='ltr'>τὸ</span> <span class='ocrx_word' id='word_1_15' title='bbox 1360 278 1518 313; x_wconf 80' lang='grc' dir='ltr'>ἔλασσον</span> <span class='ocrx_word' id='word_1_16' title='bbox 1538 278 1605 313; x_wconf 81' lang='grc' dir='ltr'>ἀπὸ</span> <span class='ocrx_word' id='word_1_17' title='bbox 1624 281 1684 312; x_wconf 86' lang='grc' dir='ltr'>τοῦ</span> 
     </span>
     <span class='ocr_line' id='line_1_3' title="bbox 215 341 362 385; baseline 0.007 -9"><span class='ocrx_word' id='word_1_18' title='bbox 215 341 362 385; x_wconf 80' lang='grc' dir='ltr'>μέζονος.</span> 
     </span>
     <span class='ocr_line' id='line_1_4' title="bbox 270 404 1682 454; baseline 0.001 -14"><span class='ocrx_word' id='word_1_19' title='bbox 270 415 326 441; x_wconf 90' lang='lat' dir='ltr'>VI.</span> <span class='ocrx_word' id='word_1_20' title='bbox 357 406 406 440; x_wconf 87' lang='grc' dir='ltr'>Τά</span> <span class='ocrx_word' id='word_1_21' title='bbox 433 404 462 440; x_wconf 87' lang='lat' dir='ltr'>r&#39;</span> <span class='ocrx_word' id='word_1_22' title='bbox 491 405 582 440; x_wconf 81' lang='grc' dir='ltr'>ἅλλα</span> <span class='ocrx_word' id='word_1_23' title='bbox 610 407 719 441; x_wconf 86' lang='grc' dir='ltr'>πάντα</span> <span class='ocrx_word' id='word_1_24' title='bbox 747 407 801 441; x_wconf 83' lang='grc' dir='ltr'>καὶ</span> <span class='ocrx_word' id='word_1_25' title='bbox 829 407 928 452; x_wconf 75' lang='grc' dir='ltr'>ψυχὴ</span> <span class='ocrx_word' id='word_1_26' title='bbox 958 407 1137 453; x_wconf 83' lang='grc' dir='ltr'>ἀνθρώπου</span> <span class='ocrx_word' id='word_1_27' title='bbox 1166 408 1219 442; x_wconf 84' lang='grc' dir='ltr'>καὶ</span> <span class='ocrx_word' id='word_1_28' title='bbox 1248 409 1358 453; x_wconf 82' lang='grc' dir='ltr'>σῶμα,</span> <span class='ocrx_word' id='word_1_29' title='bbox 1383 409 1495 442; x_wconf 79' lang='grc' dir='ltr'>ὁκοῖον</span> <span class='ocrx_word' id='word_1_30' title='bbox 1522 407 1542 452; x_wconf 87' lang='grc' dir='ltr'>ἡ</span> <span class='ocrx_word' id='word_1_31' title='bbox 1571 406 1682 454; x_wconf 76' lang='grc' dir='ltr'>ψυχή,</span> 
     </span>
     <span class='ocr_line' id='line_1_5' title="bbox 217 470 1684 519; baseline 0.002 -14"><span class='ocrx_word' id='word_1_32' title='bbox 217 470 462 515; x_wconf 82' lang='grc' dir='ltr'>διακοσμέεται.</span> <span class='ocrx_word' id='word_1_33' title='bbox 519 470 658 518; x_wconf 87' lang='grc' dir='ltr'>ἐσέρπει</span> <span class='ocrx_word' id='word_1_34' title='bbox 696 472 732 506; x_wconf 83' lang='grc' dir='ltr'>δέ</span> <span class='ocrx_word' id='word_1_35' title='bbox 762 471 797 508; x_wconf 88' lang='grc' dir='ltr'>ἐς</span> <span class='ocrx_word' id='word_1_36' title='bbox 825 471 1001 518; x_wconf 73' lang='grc' dir='ltr'>ἄνθρωπον</span> <span class='ocrx_word' id='word_1_37' title='bbox 1026 472 1129 518; x_wconf 84' lang='grc' dir='ltr'>μέρεα</span> <span class='ocrx_word' id='word_1_38' title='bbox 1162 471 1290 519; x_wconf 87' lang='grc' dir='ltr'>μερέων</span> <span class='ocrx_word' id='word_1_39' title='bbox 1322 473 1387 508; x_wconf 81' lang='grc' dir='ltr'>ὅλα</span> <span class='ocrx_word' id='word_1_40' title='bbox 1425 472 1526 518; x_wconf 84' lang='grc' dir='ltr'>ὅλων,</span> <span class='ocrx_word' id='word_1_41' title='bbox 1559 473 1684 519; x_wconf 78' lang='grc' dir='ltr'>ἔχοντα</span> 
     </span>
     <span class='ocr_line' id='line_1_6' title="bbox 181 534 1684 584; baseline 0.002 -14"><span class='ocrx_word' id='word_1_42' title='bbox 181 551 198 584; x_wconf 84' lang='lat'>5</span> <span class='ocrx_word' id='word_1_43' title='bbox 218 534 408 582; x_wconf 81' lang='grc' dir='ltr'>σύγκρησιν</span> <span class='ocrx_word' id='word_1_44' title='bbox 426 539 533 583; x_wconf 88' lang='grc' dir='ltr'>πυρὸς</span> <span class='ocrx_word' id='word_1_45' title='bbox 560 537 613 571; x_wconf 87' lang='grc' dir='ltr'>καὶ</span> <span class='ocrx_word' id='word_1_46' title='bbox 640 535 771 582; x_wconf 76' lang='grc' dir='ltr'>ὕδατος,</span> <span class='ocrx_word' id='word_1_47' title='bbox 791 537 833 572; x_wconf 88' lang='grc' dir='ltr'>τὰ</span> <span class='ocrx_word' id='word_1_48' title='bbox 851 537 912 581; x_wconf 82' lang='grc' dir='ltr'>μὲν</span> <span class='ocrx_word' id='word_1_49' title='bbox 930 537 1112 583; x_wconf 77' lang='grc' dir='ltr'>ληψόμενα</span> <span class='ocrx_word' id='word_1_50' title='bbox 1139 537 1181 572; x_wconf 83' lang='grc' dir='ltr'>τὰ</span> <span class='ocrx_word' id='word_1_51' title='bbox 1211 537 1246 572; x_wconf 77' lang='grc' dir='ltr'>δὲ</span> <span class='ocrx_word' id='word_1_52' title='bbox 1275 538 1443 573; x_wconf 74' lang='grc' dir='ltr'>δώσοντα*</span> <span class='ocrx_word' id='word_1_53' title='bbox 1472 538 1525 573; x_wconf 83' lang='grc' dir='ltr'>καὶ</span> <span class='ocrx_word' id='word_1_54' title='bbox 1552 539 1594 572; x_wconf 86' lang='grc' dir='ltr'>τὰ</span> <span class='ocrx_word' id='word_1_55' title='bbox 1622 538 1684 583; x_wconf 80' lang='grc' dir='ltr'>μὲν</span> 
     </span>
     <span class='ocr_line' id='line_1_7' title="bbox 214 600 1685 648; baseline 0 -12"><span class='ocrx_word' id='word_1_56' title='bbox 214 600 431 646; x_wconf 81' lang='grc' dir='ltr'>λαμβάνοντα</span> <span class='ocrx_word' id='word_1_57' title='bbox 450 603 568 637; x_wconf 85' lang='grc' dir='ltr'>πλεῖον</span> <span class='ocrx_word' id='word_1_58' title='bbox 585 603 685 647; x_wconf 85' lang='grc' dir='ltr'>ποιεῖ,</span> <span class='ocrx_word' id='word_1_59' title='bbox 706 603 748 637; x_wconf 85' lang='grc' dir='ltr'>τὰ</span> <span class='ocrx_word' id='word_1_60' title='bbox 778 602 814 636; x_wconf 83' lang='grc' dir='ltr'>δέ</span> <span class='ocrx_word' id='word_1_61' title='bbox 841 602 974 636; x_wconf 84' lang='grc' dir='ltr'>διδόντα</span> <span class='ocrx_word' id='word_1_62' title='bbox 1001 604 1105 647; x_wconf 80' lang='grc' dir='ltr'>μεῖον.</span> <span class='ocrx_word' id='word_1_63' title='bbox 1144 602 1304 648; x_wconf 88' lang='grc' dir='ltr'>πρίουσιν</span> <span class='ocrx_word' id='word_1_64' title='bbox 1331 602 1502 648; x_wconf 79' lang='grc' dir='ltr'>ἅνθρωποι</span> <span class='ocrx_word' id='word_1_65' title='bbox 1530 601 1644 647; x_wconf 76' lang='grc' dir='ltr'>ξύλον,</span> <span class='ocrx_word' id='word_1_66' title='bbox 1665 603 1685 636; x_wconf 86' lang='grc' dir='ltr'>ὁ</span> 
     </span>
     <span class='ocr_line' id='line_1_8' title="bbox 214 664 1685 712; baseline 0.003 -13"><span class='ocrx_word' id='word_1_67' title='bbox 214 666 276 710; x_wconf 81' lang='grc' dir='ltr'>μὲν</span> <span class='ocrx_word' id='word_1_68' title='bbox 294 664 390 700; x_wconf 83' lang='grc' dir='ltr'>ἕλκει</span> <span class='ocrx_word' id='word_1_69' title='bbox 410 667 428 700; x_wconf 91' lang='grc' dir='ltr'>ὁ</span> <span class='ocrx_word' id='word_1_70' title='bbox 448 667 483 701; x_wconf 83' lang='grc' dir='ltr'>δέ</span> <span class='ocrx_word' id='word_1_71' title='bbox 504 666 610 702; x_wconf 87' lang='grc' dir='ltr'>ὠθέει·</span> <span class='ocrx_word' id='word_1_72' title='bbox 649 667 688 702; x_wconf 86' lang='grc' dir='ltr'>τὸ</span> <span class='ocrx_word' id='word_1_73' title='bbox 713 667 741 702; x_wconf 79' lang='grc' dir='ltr'>δ’</span> <span class='ocrx_word' id='word_1_74' title='bbox 762 668 843 702; x_wconf 80' lang='grc' dir='ltr'>αὐτὸ</span> <span class='ocrx_word' id='word_1_75' title='bbox 871 669 971 702; x_wconf 84' lang='grc' dir='ltr'>τοῦτο</span> <span class='ocrx_word' id='word_1_76' title='bbox 996 667 1162 712; x_wconf 77' lang='grc' dir='ltr'>ποιέουσι,</span> <span class='ocrx_word' id='word_1_77' title='bbox 1182 669 1277 712; x_wconf 83' lang='grc' dir='ltr'>μεῖον</span> <span class='ocrx_word' id='word_1_78' title='bbox 1304 668 1340 702; x_wconf 82' lang='grc' dir='ltr'>δέ</span> <span class='ocrx_word' id='word_1_79' title='bbox 1369 668 1539 705; x_wconf 81' lang='grc' dir='ltr'>ποιέοντες</span> <span class='ocrx_word' id='word_1_80' title='bbox 1567 670 1685 704; x_wconf 81' lang='grc' dir='ltr'>πλεῖον</span> 
     </span>
     <span class='ocr_line' id='line_1_9' title="bbox 214 730 1684 779; baseline 0.001 -13"><span class='ocrx_word' id='word_1_81' title='bbox 214 732 379 769; x_wconf 87' lang='grc' dir='ltr'>ποιέουσι.</span> <span class='ocrx_word' id='word_1_82' title='bbox 409 734 560 767; x_wconf 88' lang='grc' dir='ltr'>τοιοῦτον</span> <span class='ocrx_word' id='word_1_83' title='bbox 579 730 689 778; x_wconf 78' lang='grc' dir='ltr'>φύσις</span> <span class='ocrx_word' id='word_1_84' title='bbox 708 732 904 779; x_wconf 85' lang='grc' dir='ltr'>ἀνθρώπων,</span> <span class='ocrx_word' id='word_1_85' title='bbox 926 733 965 767; x_wconf 86' lang='grc' dir='ltr'>τὸ</span> <span class='ocrx_word' id='word_1_86' title='bbox 984 733 1045 777; x_wconf 81' lang='grc' dir='ltr'>μὲν</span> <span class='ocrx_word' id='word_1_87' title='bbox 1064 732 1159 767; x_wconf 83' lang='grc' dir='ltr'>ὠθέει</span> <span class='ocrx_word' id='word_1_88' title='bbox 1178 734 1217 767; x_wconf 85' lang='grc' dir='ltr'>τὸ</span> <span class='ocrx_word' id='word_1_89' title='bbox 1237 732 1272 767; x_wconf 80' lang='grc' dir='ltr'>δέ</span> <span class='ocrx_word' id='word_1_90' title='bbox 1293 732 1397 774; x_wconf 86' lang='grc' dir='ltr'>ἕλκει,</span> <span class='ocrx_word' id='word_1_91' title='bbox 1418 735 1457 768; x_wconf 86' lang='grc' dir='ltr'>τὸ</span> <span class='ocrx_word' id='word_1_92' title='bbox 1481 733 1542 778; x_wconf 80' lang='grc' dir='ltr'>μὲν</span> <span class='ocrx_word' id='word_1_93' title='bbox 1562 734 1684 769; x_wconf 88' lang='grc' dir='ltr'>δίδωσι</span> 
     </span>
     <span class='ocr_line' id='line_1_10' title="bbox 214 796 1683 846; baseline 0.001 -14"><span class='ocrx_word' id='word_1_94' title='bbox 214 798 253 832; x_wconf 87' lang='grc' dir='ltr'>τὸ</span> <span class='ocrx_word' id='word_1_95' title='bbox 274 797 309 832; x_wconf 77' lang='grc' dir='ltr'>δὲ</span> <span class='ocrx_word' id='word_1_96' title='bbox 328 796 506 843; x_wconf 83' lang='grc' dir='ltr'>λαμβάνει·</span> <span class='ocrx_word' id='word_1_97' title='bbox 537 798 590 832; x_wconf 77' lang='grc' dir='ltr'>καὶ</span> <span class='ocrx_word' id='word_1_98' title='bbox 610 800 657 846; x_wconf 80' lang='grc' dir='ltr'>τῷ</span> <span class='ocrx_word' id='word_1_99' title='bbox 675 798 736 842; x_wconf 84' lang='grc' dir='ltr'>μὲν</span> <span class='ocrx_word' id='word_1_100' title='bbox 757 797 878 832; x_wconf 85' lang='grc' dir='ltr'>δίδωσι</span> <span class='ocrx_word' id='word_1_101' title='bbox 896 800 956 832; x_wconf 86' lang='grc' dir='ltr'>τοῦ</span> <span class='ocrx_word' id='word_1_102' title='bbox 980 798 1015 832; x_wconf 85' lang='grc' dir='ltr'>δέ</span> <span class='ocrx_word' id='word_1_103' title='bbox 1038 798 1216 843; x_wconf 81' lang='grc' dir='ltr'>λαμβάνει,</span> <span class='ocrx_word' id='word_1_104' title='bbox 1238 798 1290 832; x_wconf 79' lang='grc' dir='ltr'>καὶ</span> <span class='ocrx_word' id='word_1_105' title='bbox 1309 801 1356 846; x_wconf 79' lang='grc' dir='ltr'>τῷ</span> <span class='ocrx_word' id='word_1_106' title='bbox 1380 799 1442 842; x_wconf 80' lang='grc' dir='ltr'>μὲν</span> <span class='ocrx_word' id='word_1_107' title='bbox 1461 799 1581 834; x_wconf 84' lang='grc' dir='ltr'>δίδωσι</span> <span class='ocrx_word' id='word_1_108' title='bbox 1600 814 1683 834; x_wconf 83' lang='grc' dir='ltr'>τοσ-</span> 
     </span>
     <span class='ocr_line' id='line_1_11' title="bbox 157 861 1684 911; baseline 0.001 -14"><span class='ocrx_word' id='word_1_109' title='bbox 157 875 197 898; x_wconf 91' lang='lat'>10</span> <span class='ocrx_word' id='word_1_110' title='bbox 215 861 302 911; x_wconf 80' lang='grc' dir='ltr'>οὗτῳ</span> <span class='ocrx_word' id='word_1_111' title='bbox 321 863 438 908; x_wconf 84' lang='grc' dir='ltr'>πλέον,</span> <span class='ocrx_word' id='word_1_112' title='bbox 458 862 497 897; x_wconf 75' lang='grc' dir='ltr'>οὗ</span> <span class='ocrx_word' id='word_1_113' title='bbox 518 863 554 897; x_wconf 80' lang='grc' dir='ltr'>δέ</span> <span class='ocrx_word' id='word_1_114' title='bbox 573 862 739 907; x_wconf 87' lang='grc' dir='ltr'>λαμβάνει</span> <span class='ocrx_word' id='word_1_115' title='bbox 758 862 912 911; x_wconf 82' lang='grc' dir='ltr'>τοσούτῳ</span> <span class='ocrx_word' id='word_1_116' title='bbox 932 864 1036 908; x_wconf 85' lang='grc' dir='ltr'>μεῖον.</span> <span class='ocrx_word' id='word_1_117' title='bbox 1076 864 1190 910; x_wconf 89' lang='grc' dir='ltr'>χώρην</span> <span class='ocrx_word' id='word_1_118' title='bbox 1210 863 1245 898; x_wconf 86' lang='grc' dir='ltr'>δέ</span> <span class='ocrx_word' id='word_1_119' title='bbox 1265 863 1408 899; x_wconf 83' lang='grc' dir='ltr'>ἕκαστον</span> <span class='ocrx_word' id='word_1_120' title='bbox 1427 865 1607 909; x_wconf 87' lang='grc' dir='ltr'>φυλάσσει</span> <span class='ocrx_word' id='word_1_121' title='bbox 1625 864 1684 909; x_wconf 90' lang='grc' dir='ltr'>τὴν</span> 
     </span>
     <span class='ocr_line' id='line_1_12' title="bbox 215 927 1684 974; baseline 0.001 -13"><span class='ocrx_word' id='word_1_122' title='bbox 215 927 354 972; x_wconf 83' lang='grc' dir='ltr'>ἑωυτοῦ,</span> <span class='ocrx_word' id='word_1_123' title='bbox 367 928 418 962; x_wconf 86' lang='grc' dir='ltr'>καὶ</span> <span class='ocrx_word' id='word_1_124' title='bbox 438 927 479 962; x_wconf 87' lang='grc' dir='ltr'>τὰ</span> <span class='ocrx_word' id='word_1_125' title='bbox 498 928 559 972; x_wconf 76' lang='grc' dir='ltr'>μέν</span> <span class='ocrx_word' id='word_1_126' title='bbox 572 927 626 962; x_wconf 75' lang='grc' dir='ltr'>ἐπὶ</span> <span class='ocrx_word' id='word_1_127' title='bbox 644 928 682 961; x_wconf 90' lang='grc' dir='ltr'>τὸ</span> <span class='ocrx_word' id='word_1_128' title='bbox 701 929 794 971; x_wconf 81' lang='grc' dir='ltr'>μεῖον</span> <span class='ocrx_word' id='word_1_129' title='bbox 809 927 900 962; x_wconf 79' lang='grc' dir='ltr'>ἰόντα</span> <span class='ocrx_word' id='word_1_130' title='bbox 920 927 1117 974; x_wconf 88' lang='grc' dir='ltr'>διακρίνεται</span> <span class='ocrx_word' id='word_1_131' title='bbox 1132 928 1166 964; x_wconf 89' lang='grc' dir='ltr'>ἐς</span> <span class='ocrx_word' id='word_1_132' title='bbox 1180 928 1240 972; x_wconf 90' lang='grc' dir='ltr'>τὴν</span> <span class='ocrx_word' id='word_1_133' title='bbox 1255 928 1432 962; x_wconf 88' lang='grc' dir='ltr'>ἐλάσσονα</span> <span class='ocrx_word' id='word_1_134' title='bbox 1446 929 1570 974; x_wconf 86' lang='grc' dir='ltr'>χώρην,</span> <span class='ocrx_word' id='word_1_135' title='bbox 1590 928 1631 963; x_wconf 89' lang='grc' dir='ltr'>τὰ</span> <span class='ocrx_word' id='word_1_136' title='bbox 1647 929 1684 963; x_wconf 83' lang='grc' dir='ltr'>δέ</span> 
     </span>
     <span class='ocr_line' id='line_1_13' title="bbox 215 991 1684 1039; baseline 0.001 -13"><span class='ocrx_word' id='word_1_137' title='bbox 215 991 269 1027; x_wconf 83' lang='grc' dir='ltr'>ἐπὶ</span> <span class='ocrx_word' id='word_1_138' title='bbox 287 993 326 1026; x_wconf 87' lang='grc' dir='ltr'>τὸ</span> <span class='ocrx_word' id='word_1_139' title='bbox 349 993 449 1037; x_wconf 87' lang='grc' dir='ltr'>μέζον</span> <span class='ocrx_word' id='word_1_140' title='bbox 473 993 679 1038; x_wconf 89' lang='grc' dir='ltr'>πορευόμενα</span> <span class='ocrx_word' id='word_1_141' title='bbox 700 994 959 1039; x_wconf 82' lang='grc' dir='ltr'>συμμισγόμενα</span> <span class='ocrx_word' id='word_1_142' title='bbox 979 992 1194 1036; x_wconf 81' lang='grc' dir='ltr'>ἐξαλλάσσει</span> <span class='ocrx_word' id='word_1_143' title='bbox 1214 993 1248 1029; x_wconf 91' lang='grc' dir='ltr'>ἐς</span> <span class='ocrx_word' id='word_1_144' title='bbox 1266 993 1325 1038; x_wconf 87' lang='grc' dir='ltr'>τὴν</span> <span class='ocrx_word' id='word_1_145' title='bbox 1344 994 1432 1038; x_wconf 87' lang='grc' dir='ltr'>μέζω</span> <span class='ocrx_word' id='word_1_146' title='bbox 1451 992 1556 1036; x_wconf 69' lang='grc' dir='ltr'>τάξιν</span> <span class='ocrx_word' id='word_1_147' title='bbox 1586 994 1628 1028; x_wconf 89' lang='grc' dir='ltr'>τὰ</span> <span class='ocrx_word' id='word_1_148' title='bbox 1647 993 1684 1028; x_wconf 81' lang='grc' dir='ltr'>δέ</span> 
     </span>
     <span class='ocr_line' id='line_1_14' title="bbox 215 1052 1683 1109; baseline 0.001 -18"><span class='ocrx_word' id='word_1_149' title='bbox 215 1057 308 1100; x_wconf 80' lang='grc' dir='ltr'>ξεῖνα</span> <span class='ocrx_word' id='word_1_150' title='bbox 337 1054 397 1109; x_wconf 88' lang='grc' dir='ltr'>[μὴ</span> <span class='ocrx_word' id='word_1_151' title='bbox 428 1052 617 1107; x_wconf 78' lang='grc' dir='ltr'>ὁμότροπα]</span> <span class='ocrx_word' id='word_1_152' title='bbox 649 1056 787 1092; x_wconf 86' lang='grc' dir='ltr'>ὠθέεται</span> <span class='ocrx_word' id='word_1_153' title='bbox 816 1058 851 1091; x_wconf 86' lang='grc' dir='ltr'>ἐκ</span> <span class='ocrx_word' id='word_1_154' title='bbox 879 1059 992 1103; x_wconf 82' lang='grc' dir='ltr'>χώρης</span> <span class='ocrx_word' id='word_1_155' title='bbox 1020 1057 1212 1104; x_wconf 80' lang='grc' dir='ltr'>ἀλλοτρίης.</span> <span class='ocrx_word' id='word_1_156' title='bbox 1250 1057 1373 1102; x_wconf 84' lang='grc' dir='ltr'>ἑκάστη</span> <span class='ocrx_word' id='word_1_157' title='bbox 1404 1058 1439 1092; x_wconf 84' lang='grc' dir='ltr'>δέ</span> <span class='ocrx_word' id='word_1_158' title='bbox 1468 1058 1567 1104; x_wconf 77' lang='grc' dir='ltr'>ψυχὴ</span> <span class='ocrx_word' id='word_1_159' title='bbox 1595 1058 1683 1103; x_wconf 87' lang='grc' dir='ltr'>μέζω</span> 
     </span>
     <span class='ocr_line' id='line_1_15' title="bbox 215 1122 1684 1169; baseline 0.001 -14"><span class='ocrx_word' id='word_1_160' title='bbox 215 1123 267 1156; x_wconf 82' lang='grc' dir='ltr'>καὶ</span> <span class='ocrx_word' id='word_1_161' title='bbox 287 1122 430 1158; x_wconf 84' lang='grc' dir='ltr'>ἐλάσσω</span> <span class='ocrx_word' id='word_1_162' title='bbox 458 1123 588 1168; x_wconf 72' lang='grc' dir='ltr'>ἔχουσα</span> <span class='ocrx_word' id='word_1_163' title='bbox 615 1124 806 1169; x_wconf 75' lang='grc' dir='ltr'>περιφοιτᾷ</span> <span class='ocrx_word' id='word_1_164' title='bbox 836 1123 877 1156; x_wconf 86' lang='grc' dir='ltr'>τὰ</span> <span class='ocrx_word' id='word_1_165' title='bbox 904 1124 1004 1168; x_wconf 90' lang='grc' dir='ltr'>μόρια</span> <span class='ocrx_word' id='word_1_166' title='bbox 1032 1122 1074 1156; x_wconf 86' lang='grc' dir='ltr'>τὰ</span> <span class='ocrx_word' id='word_1_167' title='bbox 1102 1123 1237 1167; x_wconf 79' lang='grc' dir='ltr'>ἑωυτῆς,</span> <span class='ocrx_word' id='word_1_168' title='bbox 1259 1125 1337 1156; x_wconf 75' lang='grc' dir='ltr'>οὔτε</span> <span class='ocrx_word' id='word_1_169' title='bbox 1366 1122 1577 1168; x_wconf 85' lang='grc' dir='ltr'>προσθέσιος</span> <span class='ocrx_word' id='word_1_170' title='bbox 1605 1125 1684 1157; x_wconf 77' lang='grc' dir='ltr'>οὔτε</span> 
     </span>
     <span class='ocr_line' id='line_1_16' title="bbox 156 1186 1684 1234; baseline 0.001 -12"><span class='ocrx_word' id='word_1_171' title='bbox 156 1201 194 1234; x_wconf 87' lang='lat'>15</span> <span class='ocrx_word' id='word_1_172' title='bbox 215 1187 418 1234; x_wconf 85' lang='grc' dir='ltr'>ἀφαιρέσιος</span> <span class='ocrx_word' id='word_1_173' title='bbox 437 1187 576 1233; x_wconf 85' lang='grc' dir='ltr'>δεομένη</span> <span class='ocrx_word' id='word_1_174' title='bbox 596 1191 662 1223; x_wconf 85' lang='grc' dir='ltr'>τῶν</span> <span class='ocrx_word' id='word_1_175' title='bbox 681 1186 819 1234; x_wconf 82' lang='grc' dir='ltr'>μερέων,</span> <span class='ocrx_word' id='word_1_176' title='bbox 840 1188 922 1222; x_wconf 87' lang='grc' dir='ltr'>κατὰ</span> <span class='ocrx_word' id='word_1_177' title='bbox 943 1187 979 1221; x_wconf 83' lang='grc' dir='ltr'>δέ</span> <span class='ocrx_word' id='word_1_178' title='bbox 1000 1187 1144 1231; x_wconf 78' lang='grc' dir='ltr'>αὔξησιν</span> <span class='ocrx_word' id='word_1_179' title='bbox 1159 1190 1226 1222; x_wconf 86' lang='grc' dir='ltr'>τῶν</span> <span class='ocrx_word' id='word_1_180' title='bbox 1240 1187 1460 1234; x_wconf 76' lang='grc' dir='ltr'>ὑπαρχόντων</span> <span class='ocrx_word' id='word_1_181' title='bbox 1476 1189 1529 1222; x_wconf 83' lang='grc' dir='ltr'>καὶ</span> <span class='ocrx_word' id='word_1_182' title='bbox 1542 1186 1684 1234; x_wconf 85' lang='grc' dir='ltr'>μείωσιν</span> 
     </span>
     <span class='ocr_line' id='line_1_17' title="bbox 214 1251 1682 1299; baseline 0.001 -12"><span class='ocrx_word' id='word_1_183' title='bbox 214 1252 352 1297; x_wconf 86' lang='grc' dir='ltr'>δεομένη</span> <span class='ocrx_word' id='word_1_184' title='bbox 371 1255 495 1299; x_wconf 87' lang='grc' dir='ltr'>χώρης,</span> <span class='ocrx_word' id='word_1_185' title='bbox 516 1252 642 1288; x_wconf 81' lang='grc' dir='ltr'>ἕκαστα</span> <span class='ocrx_word' id='word_1_186' title='bbox 669 1252 992 1299; x_wconf 64' lang='grc' dir='ltr'>διαπρήσσεται,»ἐς</span> <span class='ocrx_word' id='word_1_187' title='bbox 1020 1252 1134 1297; x_wconf 83' lang='grc' dir='ltr'>ἥντινα</span> <span class='ocrx_word' id='word_1_188' title='bbox 1165 1252 1205 1286; x_wconf 89' lang='grc' dir='ltr'>ἂν</span> <span class='ocrx_word' id='word_1_189' title='bbox 1233 1251 1375 1297; x_wconf 84' lang='grc' dir='ltr'>ἐσέλθῃ,</span> <span class='ocrx_word' id='word_1_190' title='bbox 1396 1253 1449 1287; x_wconf 83' lang='grc' dir='ltr'>καὶ</span> <span class='ocrx_word' id='word_1_191' title='bbox 1478 1252 1612 1299; x_wconf 81' lang='grc' dir='ltr'>δέχεται</span> <span class='ocrx_word' id='word_1_192' title='bbox 1640 1254 1682 1288; x_wconf 86' lang='grc' dir='ltr'>τὰ</span> 
     </span>
     <span class='ocr_line' id='line_1_18' title="bbox 212 1317 1682 1366; baseline -0.001 -12"><span class='ocrx_word' id='word_1_193' title='bbox 212 1319 481 1365; x_wconf 87' lang='grc' dir='ltr'>προσπίπτοντα.</span> <span class='ocrx_word' id='word_1_194' title='bbox 521 1319 560 1353; x_wconf 82' lang='grc' dir='ltr'>οὐ</span> <span class='ocrx_word' id='word_1_195' title='bbox 591 1319 657 1366; x_wconf 88' lang='grc' dir='ltr'>γὰρ</span> <span class='ocrx_word' id='word_1_196' title='bbox 691 1317 829 1353; x_wconf 80' lang='grc' dir='ltr'>δύναται</span> <span class='ocrx_word' id='word_1_197' title='bbox 858 1319 898 1353; x_wconf 88' lang='grc' dir='ltr'>τὸ</span> <span class='ocrx_word' id='word_1_198' title='bbox 930 1318 975 1362; x_wconf 91' lang='grc' dir='ltr'>μὴ</span> <span class='ocrx_word' id='word_1_199' title='bbox 1007 1319 1198 1363; x_wconf 89' lang='grc' dir='ltr'>ὁμότροπον</span> <span class='ocrx_word' id='word_1_200' title='bbox 1231 1318 1267 1352; x_wconf 88' lang='grc' dir='ltr'>ἐν</span> <span class='ocrx_word' id='word_1_201' title='bbox 1299 1320 1411 1353; x_wconf 81' lang='grc' dir='ltr'>τοῖσιν</span> <span class='ocrx_word' id='word_1_202' title='bbox 1444 1318 1682 1365; x_wconf 81' lang='grc' dir='ltr'>ἀσυμφόροισι</span> 
     </span>
     <span class='ocr_line' id='line_1_19' title="bbox 212 1383 1682 1431; baseline -0.001 -12"><span class='ocrx_word' id='word_1_203' title='bbox 212 1384 392 1431; x_wconf 89' lang='grc' dir='ltr'>χωρίοισιν</span> <span class='ocrx_word' id='word_1_204' title='bbox 412 1384 577 1430; x_wconf 84' lang='grc' dir='ltr'>ἐμμένειν·</span> <span class='ocrx_word' id='word_1_205' title='bbox 609 1385 779 1419; x_wconf 83' lang='grc' dir='ltr'>πλανᾶται</span> <span class='ocrx_word' id='word_1_206' title='bbox 798 1384 860 1429; x_wconf 79' lang='grc' dir='ltr'>μέν</span> <span class='ocrx_word' id='word_1_207' title='bbox 877 1384 944 1430; x_wconf 87' lang='grc' dir='ltr'>γὰρ</span> <span class='ocrx_word' id='word_1_208' title='bbox 963 1383 1151 1430; x_wconf 80' lang='grc' dir='ltr'>ἀγνώμονα,</span> <span class='ocrx_word' id='word_1_209' title='bbox 1174 1385 1401 1430; x_wconf 82' lang='grc' dir='ltr'>συγγινόμενα</span> <span class='ocrx_word' id='word_1_210' title='bbox 1431 1384 1467 1418; x_wconf 78' lang='grc' dir='ltr'>δὲ</span> <span class='ocrx_word' id='word_1_211' title='bbox 1495 1383 1682 1428; x_wconf 84' lang='grc' dir='ltr'>ἀλλήλοισι</span> 
     </span>
     <span class='ocr_line' id='line_1_20' title="bbox 212 1447 1681 1497; baseline 0 -13"><span class='ocrx_word' id='word_1_212' title='bbox 212 1451 372 1496; x_wconf 84' lang='grc' dir='ltr'>γινώσκει</span> <span class='ocrx_word' id='word_1_213' title='bbox 399 1450 484 1496; x_wconf 89' lang='grc' dir='ltr'>πρὸς</span> <span class='ocrx_word' id='word_1_214' title='bbox 503 1448 521 1484; x_wconf 83' lang='grc' dir='ltr'>ὃ</span> <span class='ocrx_word' id='word_1_215' title='bbox 541 1450 711 1497; x_wconf 86' lang='grc' dir='ltr'>προσίζει·</span> <span class='ocrx_word' id='word_1_216' title='bbox 746 1450 903 1496; x_wconf 86' lang='grc' dir='ltr'>προσίζει</span> <span class='ocrx_word' id='word_1_217' title='bbox 930 1449 997 1495; x_wconf 82' lang='grc' dir='ltr'>γὰρ</span> <span class='ocrx_word' id='word_1_218' title='bbox 1025 1449 1064 1483; x_wconf 84' lang='grc' dir='ltr'>τὸ</span> <span class='ocrx_word' id='word_1_219' title='bbox 1093 1447 1277 1495; x_wconf 79' lang='grc' dir='ltr'>σύμφορον</span> <span class='ocrx_word' id='word_1_220' title='bbox 1305 1450 1351 1496; x_wconf 78' lang='grc' dir='ltr'>τῷ</span> <span class='ocrx_word' id='word_1_221' title='bbox 1382 1450 1563 1496; x_wconf 84' lang='grc' dir='ltr'>συμφόρῳ,</span> <span class='ocrx_word' id='word_1_222' title='bbox 1585 1451 1624 1484; x_wconf 82' lang='grc' dir='ltr'>τὸ</span> <span class='ocrx_word' id='word_1_223' title='bbox 1645 1450 1681 1484; x_wconf 81' lang='grc' dir='ltr'>δέ</span> 
     </span>
     <span class='ocr_line' id='line_1_21' title="bbox 156 1513 1681 1562; baseline -0.001 -12"><span class='ocrx_word' id='word_1_224' title='bbox 156 1527 196 1550; x_wconf 92' lang='lat'>20</span> <span class='ocrx_word' id='word_1_225' title='bbox 214 1513 421 1562; x_wconf 75' lang='grc' dir='ltr'>ἀσύμφορον</span> <span class='ocrx_word' id='word_1_226' title='bbox 449 1517 593 1561; x_wconf 82' lang='grc' dir='ltr'>πολεμεῖ</span> <span class='ocrx_word' id='word_1_227' title='bbox 616 1516 670 1550; x_wconf 85' lang='grc' dir='ltr'>καὶ</span> <span class='ocrx_word' id='word_1_228' title='bbox 694 1514 839 1561; x_wconf 83' lang='grc' dir='ltr'>μάχεται</span> <span class='ocrx_word' id='word_1_229' title='bbox 869 1515 921 1549; x_wconf 81' lang='grc' dir='ltr'>καὶ</span> <span class='ocrx_word' id='word_1_230' title='bbox 955 1513 1164 1549; x_wconf 84' lang='grc' dir='ltr'>διαλλάσσει</span> <span class='ocrx_word' id='word_1_231' title='bbox 1191 1513 1247 1549; x_wconf 76' lang='grc' dir='ltr'>ἀπ’</span> <span class='ocrx_word' id='word_1_232' title='bbox 1278 1513 1451 1559; x_wconf 79' lang='grc' dir='ltr'>ἀλλήλων.</span> <span class='ocrx_word' id='word_1_233' title='bbox 1496 1515 1550 1549; x_wconf 87' lang='grc' dir='ltr'>διὰ</span> <span class='ocrx_word' id='word_1_234' title='bbox 1580 1517 1681 1549; x_wconf 85' lang='grc' dir='ltr'>τοῦτο</span> 
     </span>
     <span class='ocr_line' id='line_1_22' title="bbox 213 1579 1682 1629; baseline 0 -15"><span class='ocrx_word' id='word_1_235' title='bbox 213 1580 394 1626; x_wconf 84' lang='grc' dir='ltr'>ἀνθρώπου</span> <span class='ocrx_word' id='word_1_236' title='bbox 413 1581 514 1628; x_wconf 73' lang='grc' dir='ltr'>ψυχὴ</span> <span class='ocrx_word' id='word_1_237' title='bbox 543 1581 579 1616; x_wconf 90' lang='grc' dir='ltr'>ἐν</span> <span class='ocrx_word' id='word_1_238' title='bbox 606 1580 772 1629; x_wconf 78' lang='grc' dir='ltr'>ἀνθρώπῳ</span> <span class='ocrx_word' id='word_1_239' title='bbox 795 1579 983 1625; x_wconf 79' lang='grc' dir='ltr'>αὐξάνεται,</span> <span class='ocrx_word' id='word_1_240' title='bbox 1005 1580 1040 1614; x_wconf 93' lang='grc' dir='ltr'>ε’ν</span> <span class='ocrx_word' id='word_1_241' title='bbox 1059 1579 1157 1628; x_wconf 75' lang='grc' dir='ltr'>ἄλλῳ</span> <span class='ocrx_word' id='word_1_242' title='bbox 1186 1580 1221 1615; x_wconf 85' lang='grc' dir='ltr'>δέ</span> <span class='ocrx_word' id='word_1_243' title='bbox 1251 1580 1361 1614; x_wconf 82' lang='grc' dir='ltr'>οὐδενὶ</span> <span class='ocrx_word' id='word_1_244' title='bbox 1390 1581 1443 1614; x_wconf 86' lang='grc' dir='ltr'>καὶ</span> <span class='ocrx_word' id='word_1_245' title='bbox 1471 1583 1537 1615; x_wconf 87' lang='grc' dir='ltr'>τῶν</span> <span class='ocrx_word' id='word_1_246' title='bbox 1564 1580 1682 1615; x_wconf 76' lang='grc' dir='ltr'>ι’ίλλων</span> 
     </span>
     <span class='ocr_line' id='line_1_23' title="bbox 213 1644 1679 1694; baseline 0 -14"><span class='ocrx_word' id='word_1_247' title='bbox 213 1645 306 1694; x_wconf 78' lang='grc' dir='ltr'>ζῴων</span> <span class='ocrx_word' id='word_1_248' title='bbox 338 1649 406 1680; x_wconf 82' lang='grc' dir='ltr'>τῶν</span> <span class='ocrx_word' id='word_1_249' title='bbox 437 1645 606 1693; x_wconf 83' lang='grc' dir='ltr'>μεγάλων.</span> <span class='ocrx_word' id='word_1_250' title='bbox 655 1645 817 1682; x_wconf 82' lang='grc' dir='ltr'>ὡσαύτως</span> <span class='ocrx_word' id='word_1_251' title='bbox 854 1645 922 1681; x_wconf 87' lang='grc' dir='ltr'>ὅσα</span> <span class='ocrx_word' id='word_1_252' title='bbox 953 1645 1069 1682; x_wconf 75' lang='grc' dir='ltr'>ἄλλως</span> <span class='ocrx_word' id='word_1_253' title='bbox 1101 1644 1156 1681; x_wconf 84' lang='grc' dir='ltr'>ἀπ’</span> <span class='ocrx_word' id='word_1_254' title='bbox 1187 1645 1304 1680; x_wconf 71' lang='grc' dir='ltr'>ἄλλων</span> <span class='ocrx_word' id='word_1_255' title='bbox 1337 1645 1402 1680; x_wconf 80' lang='grc' dir='ltr'>ὑπὸ</span> <span class='ocrx_word' id='word_1_256' title='bbox 1434 1645 1512 1690; x_wconf 86' lang='grc' dir='ltr'>βίης</span> <span class='ocrx_word' id='word_1_257' title='bbox 1541 1645 1679 1692; x_wconf 86' lang='grc' dir='ltr'>ἀποκρί-</span> 
     </span>
     <span class='ocr_line' id='line_1_24' title="bbox 212 1725 314 1746; baseline 0 -1"><span class='ocrx_word' id='word_1_258' title='bbox 212 1725 314 1746; x_wconf 86' lang='grc' dir='ltr'>νεται.</span> 
     </span>
     <span class='ocr_line' id='line_1_25' title="bbox 265 1775 1677 1825; baseline 0.001 -14"><span class='ocrx_word' id='word_1_259' title='bbox 265 1786 340 1812; x_wconf 83' lang='lat' dir='ltr'>VH.</span> <span class='ocrx_word' id='word_1_260' title='bbox 370 1777 455 1823; x_wconf 86' lang='grc' dir='ltr'>Περὶ</span> <span class='ocrx_word' id='word_1_261' title='bbox 481 1777 543 1821; x_wconf 81' lang='grc' dir='ltr'>μὲν</span> <span class='ocrx_word' id='word_1_262' title='bbox 571 1775 629 1811; x_wconf 73' lang='grc' dir='ltr'>οὖν</span> <span class='ocrx_word' id='word_1_263' title='bbox 656 1780 723 1812; x_wconf 81' lang='grc' dir='ltr'>τῶν</span> <span class='ocrx_word' id='word_1_264' title='bbox 751 1776 869 1811; x_wconf 71' lang='grc' dir='ltr'>ἄλλων</span> <span class='ocrx_word' id='word_1_265' title='bbox 899 1775 990 1825; x_wconf 80' lang='grc' dir='ltr'>ζῴων</span> <span class='ocrx_word' id='word_1_266' title='bbox 1019 1776 1122 1821; x_wconf 86' lang='grc' dir='ltr'>ἐάσω,</span> <span class='ocrx_word' id='word_1_267' title='bbox 1149 1775 1228 1823; x_wconf 84' lang='grc' dir='ltr'>περὶ</span> <span class='ocrx_word' id='word_1_268' title='bbox 1257 1776 1293 1811; x_wconf 83' lang='grc' dir='ltr'>δέ</span> <span class='ocrx_word' id='word_1_269' title='bbox 1322 1776 1502 1823; x_wconf 85' lang='grc' dir='ltr'>ἀνθρώπου</span> <span class='ocrx_word' id='word_1_270' title='bbox 1521 1776 1677 1821; x_wconf 87' lang='grc' dir='ltr'>δηλώσω.</span> 
     </span>
     <span class='ocr_line' id='line_1_26' title="bbox 153 1840 1681 1889; baseline -0.001 -11"><span class='ocrx_word' id='word_1_271' title='bbox 153 1855 192 1888; x_wconf 85' lang='grc'>25</span> <span class='ocrx_word' id='word_1_272' title='bbox 211 1841 350 1888; x_wconf 86' lang='grc' dir='ltr'>ἐσέρπει</span> <span class='ocrx_word' id='word_1_273' title='bbox 377 1842 444 1888; x_wconf 85' lang='grc' dir='ltr'>γὰρ</span> <span class='ocrx_word' id='word_1_274' title='bbox 473 1841 507 1878; x_wconf 83' lang='grc' dir='ltr'>ἐς</span> <span class='ocrx_word' id='word_1_275' title='bbox 525 1841 703 1888; x_wconf 69' lang='grc' dir='ltr'>ἄνθρωπον</span> <span class='ocrx_word' id='word_1_276' title='bbox 721 1841 821 1888; x_wconf 77' lang='grc' dir='ltr'>ψυχὴ</span> <span class='ocrx_word' id='word_1_277' title='bbox 840 1843 946 1888; x_wconf 87' lang='grc' dir='ltr'>πυρὸς</span> <span class='ocrx_word' id='word_1_278' title='bbox 965 1842 1019 1877; x_wconf 78' lang='grc' dir='ltr'>καὶ</span> <span class='ocrx_word' id='word_1_279' title='bbox 1048 1840 1169 1878; x_wconf 75' lang='grc' dir='ltr'>ὕδατος</span> <span class='ocrx_word' id='word_1_280' title='bbox 1189 1841 1382 1889; x_wconf 82' lang='grc' dir='ltr'>σύγκρασιν</span> <span class='ocrx_word' id='word_1_281' title='bbox 1400 1843 1539 1887; x_wconf 79' lang='grc' dir='ltr'>ἔχουσα,</span> <span class='ocrx_word' id='word_1_282' title='bbox 1560 1844 1681 1888; x_wconf 80' lang='grc' dir='ltr'>μοῖραν</span> 
     </span>
     <span class='ocr_line' id='line_1_27' title="bbox 211 1907 1677 1954; baseline -0.001 -12"><span class='ocrx_word' id='word_1_283' title='bbox 211 1908 369 1952; x_wconf 85' lang='grc' dir='ltr'>σώματος</span> <span class='ocrx_word' id='word_1_284' title='bbox 388 1907 578 1954; x_wconf 84' lang='grc' dir='ltr'>ἀνθρώπου·</span> <span class='ocrx_word' id='word_1_285' title='bbox 609 1910 713 1942; x_wconf 85' lang='grc' dir='ltr'>ταῦτα</span> <span class='ocrx_word' id='word_1_286' title='bbox 739 1908 776 1942; x_wconf 85' lang='grc' dir='ltr'>δέ</span> <span class='ocrx_word' id='word_1_287' title='bbox 803 1909 856 1942; x_wconf 81' lang='grc' dir='ltr'>καὶ</span> <span class='ocrx_word' id='word_1_288' title='bbox 877 1907 982 1952; x_wconf 82' lang='grc' dir='ltr'>θήλεα</span> <span class='ocrx_word' id='word_1_289' title='bbox 1006 1908 1058 1942; x_wconf 82' lang='grc' dir='ltr'>καὶ</span> <span class='ocrx_word' id='word_1_290' title='bbox 1081 1907 1210 1953; x_wconf 73' lang='grc' dir='ltr'>ἄρσενα</span> <span class='ocrx_word' id='word_1_291' title='bbox 1239 1908 1292 1942; x_wconf 86' lang='grc' dir='ltr'>καὶ</span> <span class='ocrx_word' id='word_1_292' title='bbox 1317 1908 1433 1943; x_wconf 84' lang='grc' dir='ltr'>πολλὰ</span> <span class='ocrx_word' id='word_1_293' title='bbox 1452 1908 1505 1942; x_wconf 86' lang='grc' dir='ltr'>καὶ</span> <span class='ocrx_word' id='word_1_294' title='bbox 1527 1909 1677 1951; x_wconf 85' lang='grc' dir='ltr'>παντοῖα,</span> 
     </span>
     <span class='ocr_line' id='line_1_28' title="bbox 209 1972 1681 2020; baseline 0 -13"><span class='ocrx_word' id='word_1_295' title='bbox 209 1972 374 2019; x_wconf 87' lang='grc' dir='ltr'>τρέφεται</span> <span class='ocrx_word' id='word_1_296' title='bbox 394 1973 430 2008; x_wconf 78' lang='grc' dir='ltr'>δὲ</span> <span class='ocrx_word' id='word_1_297' title='bbox 450 1974 504 2008; x_wconf 89' lang='grc' dir='ltr'>καὶ</span> <span class='ocrx_word' id='word_1_298' title='bbox 524 1973 660 2017; x_wconf 79' lang='grc' dir='ltr'>αὔξεται</span> <span class='ocrx_word' id='word_1_299' title='bbox 686 1973 795 2018; x_wconf 84' lang='grc' dir='ltr'>διαίτῃ</span> <span class='ocrx_word' id='word_1_300' title='bbox 821 1972 860 2018; x_wconf 77' lang='grc' dir='ltr'>τῇ</span> <span class='ocrx_word' id='word_1_301' title='bbox 881 1988 946 2020; x_wconf 91' lang='grc' dir='ltr'>περ</span> <span class='ocrx_word' id='word_1_302' title='bbox 972 1972 1159 2020; x_wconf 75' lang='grc' dir='ltr'>ἅνθρωπος·</span> <span class='ocrx_word' id='word_1_303' title='bbox 1189 1973 1314 2020; x_wconf 82' lang='grc' dir='ltr'>ἀνάγκη</span> <span class='ocrx_word' id='word_1_304' title='bbox 1343 1973 1381 2017; x_wconf 85' lang='grc' dir='ltr'>δὴ</span> <span class='ocrx_word' id='word_1_305' title='bbox 1408 1973 1449 2007; x_wconf 88' lang='grc' dir='ltr'>τὰ</span> <span class='ocrx_word' id='word_1_306' title='bbox 1467 1973 1571 2019; x_wconf 88' lang='grc' dir='ltr'>μέρεα</span> <span class='ocrx_word' id='word_1_307' title='bbox 1590 1974 1681 2019; x_wconf 71' lang='grc' dir='ltr'>ἔχειν</span> 
     </span>
     <span class='ocr_line' id='line_1_29' title="bbox 208 2038 1679 2086; baseline 0 -13"><span class='ocrx_word' id='word_1_308' title='bbox 208 2039 317 2074; x_wconf 84' lang='grc' dir='ltr'>πάντα</span> <span class='ocrx_word' id='word_1_309' title='bbox 342 2039 384 2073; x_wconf 86' lang='grc' dir='ltr'>τὰ</span> <span class='ocrx_word' id='word_1_310' title='bbox 403 2039 550 2074; x_wconf 81' lang='grc' dir='ltr'>ἐσιόντα·</span> <span class='ocrx_word' id='word_1_311' title='bbox 581 2038 621 2073; x_wconf 73' lang='grc' dir='ltr'>οὗ</span> <span class='ocrx_word' id='word_1_312' title='bbox 646 2054 736 2075; x_wconf 89' lang='grc' dir='ltr'>τινος</span> <span class='ocrx_word' id='word_1_313' title='bbox 760 2039 828 2086; x_wconf 84' lang='grc' dir='ltr'>γὰρ</span> <span class='ocrx_word' id='word_1_314' title='bbox 853 2039 898 2084; x_wconf 87' lang='grc' dir='ltr'>μὴ</span> <span class='ocrx_word' id='word_1_315' title='bbox 924 2039 1012 2083; x_wconf 86' lang='grc' dir='ltr'>ἐνείη</span> <span class='ocrx_word' id='word_1_316' title='bbox 1038 2041 1140 2085; x_wconf 84' lang='grc' dir='ltr'>μοῖρα</span> <span class='ocrx_word' id='word_1_317' title='bbox 1165 2038 1203 2083; x_wconf 81' lang='grc' dir='ltr'>ἐξ</span> <span class='ocrx_word' id='word_1_318' title='bbox 1229 2038 1346 2085; x_wconf 80' lang='grc' dir='ltr'>ἀρχῆς,</span> <span class='ocrx_word' id='word_1_319' title='bbox 1368 2039 1428 2073; x_wconf 80' lang='grc' dir='ltr'>οὐκ</span> <span class='ocrx_word' id='word_1_320' title='bbox 1456 2039 1496 2073; x_wconf 81' lang='grc' dir='ltr'>ἂν</span> <span class='ocrx_word' id='word_1_321' title='bbox 1521 2038 1679 2083; x_wconf 77' lang='grc' dir='ltr'>αὐξηθείη</span> 
     </span>
     <span class='ocr_line' id='line_1_30' title="bbox 209 2102 1677 2151; baseline 0.001 -14"><span class='ocrx_word' id='word_1_322' title='bbox 209 2105 287 2138; x_wconf 79' lang='grc' dir='ltr'>οὕτε</span> <span class='ocrx_word' id='word_1_323' title='bbox 314 2105 446 2148; x_wconf 82' lang='grc' dir='ltr'>πολλῆς</span> <span class='ocrx_word' id='word_1_324' title='bbox 473 2105 604 2151; x_wconf 83' lang='grc' dir='ltr'>τροφῆς</span> <span class='ocrx_word' id='word_1_325' title='bbox 632 2102 792 2148; x_wconf 79' lang='grc' dir='ltr'>ἐπιούσης</span> <span class='ocrx_word' id='word_1_326' title='bbox 819 2106 896 2139; x_wconf 75' lang='grc' dir='ltr'>οὔτε</span> <span class='ocrx_word' id='word_1_327' title='bbox 924 2103 1056 2150; x_wconf 82' lang='grc' dir='ltr'>ὀλίγης·</span> <span class='ocrx_word' id='word_1_328' title='bbox 1086 2104 1125 2138; x_wconf 78' lang='grc' dir='ltr'>οὐ</span> <span class='ocrx_word' id='word_1_329' title='bbox 1144 2104 1212 2151; x_wconf 88' lang='grc' dir='ltr'>γὰρ</span> <span class='ocrx_word' id='word_1_330' title='bbox 1241 2104 1312 2150; x_wconf 81' lang='grc' dir='ltr'>ἕχει</span> <span class='ocrx_word' id='word_1_331' title='bbox 1331 2104 1370 2139; x_wconf 88' lang='grc' dir='ltr'>τὸ</span> <span class='ocrx_word' id='word_1_332' title='bbox 1389 2105 1677 2151; x_wconf 78' lang='grc' dir='ltr'>προσαυξόμενον·</span> 
     </span>
     <span class='ocr_line' id='line_1_31' title="bbox 151 2168 1678 2216; baseline -0.001 -11"><span class='ocrx_word' id='word_1_333' title='bbox 151 2183 192 2214; x_wconf 81' lang='lat'>30</span> <span class='ocrx_word' id='word_1_334' title='bbox 209 2169 290 2214; x_wconf 78' lang='grc' dir='ltr'>ἕχον</span> <span class='ocrx_word' id='word_1_335' title='bbox 319 2169 356 2203; x_wconf 77' lang='grc' dir='ltr'>δὲ</span> <span class='ocrx_word' id='word_1_336' title='bbox 383 2170 492 2204; x_wconf 84' lang='grc' dir='ltr'>πάντα</span> <span class='ocrx_word' id='word_1_337' title='bbox 521 2169 656 2213; x_wconf 77' lang='grc' dir='ltr'>αὔξεται</span> <span class='ocrx_word' id='word_1_338' title='bbox 685 2169 721 2203; x_wconf 90' lang='grc' dir='ltr'>ἐν</span> <span class='ocrx_word' id='word_1_339' title='bbox 748 2170 843 2215; x_wconf 85' lang='grc' dir='ltr'>χώρῃ</span> <span class='ocrx_word' id='word_1_340' title='bbox 872 2171 911 2213; x_wconf 86' lang='grc' dir='ltr'>τῇ</span> <span class='ocrx_word' id='word_1_341' title='bbox 932 2170 1058 2204; x_wconf 81' lang='grc' dir='ltr'>ἑωυτοῦ</span> <span class='ocrx_word' id='word_1_342' title='bbox 1087 2169 1240 2210; x_wconf 79' lang='grc' dir='ltr'>ἕκαστον,</span> <span class='ocrx_word' id='word_1_343' title='bbox 1262 2171 1394 2216; x_wconf 83' lang='grc' dir='ltr'>τροφῆς</span> <span class='ocrx_word' id='word_1_344' title='bbox 1422 2168 1584 2214; x_wconf 77' lang='grc' dir='ltr'>ἐπιούσης</span> <span class='ocrx_word' id='word_1_345' title='bbox 1612 2169 1678 2204; x_wconf 82' lang='grc' dir='ltr'>ἀπὸ</span> 
     </span>
     <span class='ocr_line' id='line_1_32' title="bbox 208 2233 1677 2281; baseline 0.001 -12"><span class='ocrx_word' id='word_1_346' title='bbox 208 2233 331 2271; x_wconf 78' lang='grc' dir='ltr'>ὕδατος</span> <span class='ocrx_word' id='word_1_347' title='bbox 364 2235 468 2281; x_wconf 79' lang='grc' dir='ltr'>ξηροῦ</span> <span class='ocrx_word' id='word_1_348' title='bbox 498 2235 550 2269; x_wconf 82' lang='grc' dir='ltr'>καὶ</span> <span class='ocrx_word' id='word_1_349' title='bbox 583 2236 689 2281; x_wconf 86' lang='grc' dir='ltr'>πυρὸς</span> <span class='ocrx_word' id='word_1_350' title='bbox 720 2235 836 2281; x_wconf 78' lang='grc' dir='ltr'>ὑγροῦ·</span> <span class='ocrx_word' id='word_1_351' title='bbox 880 2235 933 2269; x_wconf 84' lang='grc' dir='ltr'>καὶ</span> <span class='ocrx_word' id='word_1_352' title='bbox 967 2235 1009 2269; x_wconf 88' lang='grc' dir='ltr'>τὰ</span> <span class='ocrx_word' id='word_1_353' title='bbox 1042 2235 1103 2279; x_wconf 79' lang='grc' dir='ltr'>μὲν</span> <span class='ocrx_word' id='word_1_354' title='bbox 1138 2233 1221 2270; x_wconf 77' lang='grc' dir='ltr'>εἵσω</span> <span class='ocrx_word' id='word_1_355' title='bbox 1249 2236 1433 2279; x_wconf 86' lang='grc' dir='ltr'>βιαζόμενα</span> <span class='ocrx_word' id='word_1_356' title='bbox 1465 2235 1506 2269; x_wconf 86' lang='grc' dir='ltr'>τὰ</span> <span class='ocrx_word' id='word_1_357' title='bbox 1535 2235 1573 2269; x_wconf 86' lang='grc' dir='ltr'>δε</span> <span class='ocrx_word' id='word_1_358' title='bbox 1601 2235 1677 2280; x_wconf 67' lang='grc' dir='ltr'>ἔξω.</span> 
     </span>
     <span class='ocr_line' id='line_1_33' title="bbox 208 2299 1678 2347; baseline 0.001 -13"><span class='ocrx_word' id='word_1_359' title='bbox 208 2300 326 2347; x_wconf 83' lang='grc' dir='ltr'>ὥσπερ</span> <span class='ocrx_word' id='word_1_360' title='bbox 347 2301 378 2334; x_wconf 87' lang='grc' dir='ltr'>οἱ</span> <span class='ocrx_word' id='word_1_361' title='bbox 396 2300 546 2336; x_wconf 86' lang='grc' dir='ltr'>τέκτονες</span> <span class='ocrx_word' id='word_1_362' title='bbox 571 2300 610 2335; x_wconf 84' lang='grc' dir='ltr'>τὸ</span> <span class='ocrx_word' id='word_1_363' title='bbox 632 2299 736 2344; x_wconf 82' lang='grc' dir='ltr'>ξύλον</span> <span class='ocrx_word' id='word_1_364' title='bbox 753 2300 923 2346; x_wconf 89' lang='grc' dir='ltr'>πρίουσιν·</span> <span class='ocrx_word' id='word_1_365' title='bbox 954 2301 972 2334; x_wconf 93' lang='grc' dir='ltr'>ὁ</span> <span class='ocrx_word' id='word_1_366' title='bbox 991 2300 1052 2345; x_wconf 82' lang='grc' dir='ltr'>μὲν</span> <span class='ocrx_word' id='word_1_367' title='bbox 1072 2299 1175 2345; x_wconf 83' lang='grc' dir='ltr'>ἕλκει,</span> <span class='ocrx_word' id='word_1_368' title='bbox 1197 2301 1215 2334; x_wconf 90' lang='grc' dir='ltr'>ὁ</span> <span class='ocrx_word' id='word_1_369' title='bbox 1235 2300 1271 2334; x_wconf 82' lang='grc' dir='ltr'>δέ</span> <span class='ocrx_word' id='word_1_370' title='bbox 1293 2300 1398 2345; x_wconf 89' lang='grc' dir='ltr'>ὠθέει,</span> <span class='ocrx_word' id='word_1_371' title='bbox 1418 2300 1527 2334; x_wconf 80' lang='grc' dir='ltr'>τωύτὸ</span> <span class='ocrx_word' id='word_1_372' title='bbox 1546 2299 1678 2335; x_wconf 86' lang='grc' dir='ltr'>ποιέον-</span> 
     </span>
     <span class='ocr_line' id='line_1_34' title="bbox 207 2365 1679 2412; baseline 0 -12"><span class='ocrx_word' id='word_1_373' title='bbox 207 2380 272 2411; x_wconf 87' lang='grc' dir='ltr'>τες,</span> <span class='ocrx_word' id='word_1_374' title='bbox 296 2367 385 2400; x_wconf 90' lang='grc' dir='ltr'>κάτω</span> <span class='ocrx_word' id='word_1_375' title='bbox 406 2365 434 2400; x_wconf 83' lang='grc' dir='ltr'>δ’</span> <span class='ocrx_word' id='word_1_376' title='bbox 455 2367 473 2400; x_wconf 90' lang='grc' dir='ltr'>ὁ</span> <span class='ocrx_word' id='word_1_377' title='bbox 502 2365 624 2409; x_wconf 88' lang='grc' dir='ltr'>πιέζων</span> <span class='ocrx_word' id='word_1_378' title='bbox 649 2367 707 2401; x_wconf 89' lang='grc' dir='ltr'>τὸν</span> <span class='ocrx_word' id='word_1_379' title='bbox 733 2365 798 2400; x_wconf 77' lang='grc' dir='ltr'>ἅνω</span> <span class='ocrx_word' id='word_1_380' title='bbox 826 2365 931 2400; x_wconf 81' lang='grc' dir='ltr'>ἕλκει·</span> <span class='ocrx_word' id='word_1_381' title='bbox 963 2366 1001 2400; x_wconf 80' lang='grc' dir='ltr'>οὐ</span> <span class='ocrx_word' id='word_1_382' title='bbox 1020 2366 1086 2412; x_wconf 87' lang='grc' dir='ltr'>γὰρ</span> <span class='ocrx_word' id='word_1_383' title='bbox 1107 2366 1147 2409; x_wconf 81' lang='grc' dir='ltr'>ἂν</span> <span class='ocrx_word' id='word_1_384' title='bbox 1164 2365 1390 2412; x_wconf 85' lang='grc' dir='ltr'>παραδέχοιτο</span> <span class='ocrx_word' id='word_1_385' title='bbox 1410 2367 1497 2400; x_wconf 87' lang='grc' dir='ltr'>κάτω</span> <span class='ocrx_word' id='word_1_386' title='bbox 1518 2365 1610 2400; x_wconf 82' lang='grc' dir='ltr'>ἰέναι·</span> <span class='ocrx_word' id='word_1_387' title='bbox 1640 2365 1679 2410; x_wconf 90' lang='grc' dir='ltr'>ἢν</span> 
     </span>
    </p>
   </div>
   <div class='ocr_carea' id='block_1_3' title="bbox 206 2429 1679 2478">
    <p class='ocr_par' dir='ltr' id='par_1_3' title="bbox 206 2429 1679 2478">
     <span class='ocr_line' id='line_1_35' title="bbox 206 2429 1679 2478; baseline 0.001 -14"><span class='ocrx_word' id='word_1_388' title='bbox 206 2430 244 2465; x_wconf 77' lang='grc' dir='ltr'>δὲ</span> <span class='ocrx_word' id='word_1_389' title='bbox 276 2431 468 2475; x_wconf 86' lang='grc' dir='ltr'>βιάζωνται,</span> <span class='ocrx_word' id='word_1_390' title='bbox 503 2432 630 2467; x_wconf 88' lang='grc' dir='ltr'>παντὸς</span> <span class='ocrx_word' id='word_1_391' title='bbox 663 2429 923 2477; x_wconf 80' lang='grc' dir='ltr'>ἁμαρτήσονται·</span> <span class='ocrx_word' id='word_1_392' title='bbox 968 2433 1120 2466; x_wconf 87' lang='grc' dir='ltr'>τοιοῦτον</span> <span class='ocrx_word' id='word_1_393' title='bbox 1156 2431 1269 2478; x_wconf 88' lang='grc' dir='ltr'>τροφὴ</span> <span class='ocrx_word' id='word_1_394' title='bbox 1307 2430 1495 2477; x_wconf 77' lang='grc' dir='ltr'>ἀνθρώπου·</span> <span class='ocrx_word' id='word_1_395' title='bbox 1542 2433 1581 2465; x_wconf 88' lang='grc' dir='ltr'>τὸ</span> <span class='ocrx_word' id='word_1_396' title='bbox 1618 2431 1679 2476; x_wconf 79' lang='grc' dir='ltr'>μὲν</span> 
     </span>
    </p>
   </div>
   <div class='ocr_carea' id='block_1_4' title="bbox 206 2560 1676 2912">
    <p class='ocr_par' dir='ltr' id='par_1_4' title="bbox 206 2560 1676 2912">
     <span class='ocr_line' id='line_1_36' title="bbox 253 2560 1674 2603; baseline 0.001 -11"><span class='ocrx_word' id='word_1_397' title='bbox 253 2570 266 2592; x_wconf 95' lang='lat'>1</span> <span class='ocrx_word' id='word_1_398' title='bbox 286 2560 453 2601; x_wconf 81' lang='grc' dir='ltr'>αὐξάνεται</span> <span class='ocrx_word' id='word_1_399' title='bbox 471 2561 522 2593; x_wconf 78' lang='grc' dir='ltr'>καὶ</span> <span class='ocrx_word' id='word_1_400' title='bbox 539 2561 577 2593; x_wconf 83' lang='grc' dir='ltr'>τὸ</span> <span class='ocrx_word' id='word_1_401' title='bbox 594 2562 622 2593; x_wconf 91' lang='lat' dir='ltr'>L</span> <span class='ocrx_word' id='word_1_402' title='bbox 683 2566 694 2600; x_wconf 94' lang='grc' dir='ltr'>ΙΙ</span> <span class='ocrx_word' id='word_1_403' title='bbox 755 2572 772 2603; x_wconf 82' lang='lat'>3</span> <span class='ocrx_word' id='word_1_404' title='bbox 790 2560 830 2593; x_wconf 84' lang='grc' dir='ltr'>τά</span> <span class='ocrx_word' id='word_1_405' title='bbox 846 2561 875 2593; x_wconf 92' lang='lat' dir='ltr'>r&#39;</span> <span class='ocrx_word' id='word_1_406' title='bbox 891 2562 1040 2603; x_wconf 79' lang='lat' dir='ltr'>Bernays</span> <span class='ocrx_word' id='word_1_407' title='bbox 1057 2572 1063 2591; x_wconf 90' lang='lat'>:</span> <span class='ocrx_word' id='word_1_408' title='bbox 1087 2560 1129 2592; x_wconf 83' lang='grc' dir='ltr'>τὰ</span> <span class='ocrx_word' id='word_1_409' title='bbox 1146 2560 1179 2592; x_wconf 80' lang='grc' dir='ltr'>δὲ</span> <span class='ocrx_word' id='word_1_410' title='bbox 1196 2560 1277 2593; x_wconf 79' lang='lat' dir='ltr'>LEO</span> <span class='ocrx_word' id='word_1_411' title='bbox 1334 2566 1346 2600; x_wconf 82' lang='grc' dir='ltr'>[Ι</span> <span class='ocrx_word' id='word_1_412' title='bbox 1407 2562 1425 2592; x_wconf 86' lang='grc'>8</span> <span class='ocrx_word' id='word_1_413' title='bbox 1442 2560 1590 2593; x_wconf 83' lang='grc' dir='ltr'>τοιοῦτον</span> <span class='ocrx_word' id='word_1_414' title='bbox 1606 2560 1674 2593; x_wconf 81' lang='lat' dir='ltr'>Ee:</span> 
     </span>
     <span class='ocr_line' id='line_1_37' title="bbox 206 2612 1674 2656; baseline 0.002 -13"><span class='ocrx_word' id='word_1_415' title='bbox 206 2612 246 2644; x_wconf 81' lang='grc' dir='ltr'>τὸ</span> <span class='ocrx_word' id='word_1_416' title='bbox 263 2612 289 2643; x_wconf 78' lang='grc' dir='ltr'>δ’</span> <span class='ocrx_word' id='word_1_417' title='bbox 304 2613 384 2644; x_wconf 82' lang='grc' dir='ltr'>αὐτὸ</span> <span class='ocrx_word' id='word_1_418' title='bbox 400 2613 452 2645; x_wconf 78' lang='grc' dir='ltr'>καὶ</span> <span class='ocrx_word' id='word_1_419' title='bbox 469 2615 498 2646; x_wconf 91' lang='lat' dir='ltr'>L</span> <span class='ocrx_word' id='word_1_420' title='bbox 534 2618 545 2652; x_wconf 92' lang='grc' dir='ltr'>ΙΙ</span> <span class='ocrx_word' id='word_1_421' title='bbox 584 2624 622 2646; x_wconf 91' lang='lat'>10</span> <span class='ocrx_word' id='word_1_422' title='bbox 639 2613 675 2646; x_wconf 84' lang='grc' dir='ltr'>οὗ</span> <span class='ocrx_word' id='word_1_423' title='bbox 691 2614 725 2646; x_wconf 86' lang='grc' dir='ltr'>δὲ</span> <span class='ocrx_word' id='word_1_424' title='bbox 742 2614 880 2656; x_wconf 82' lang='lat' dir='ltr'>scripsi:</span> <span class='ocrx_word' id='word_1_425' title='bbox 905 2613 997 2645; x_wconf 78' lang='grc' dir='ltr'>οὐδὲν</span> <span class='ocrx_word' id='word_1_426' title='bbox 1013 2612 1051 2645; x_wconf 76' lang='grc' dir='ltr'>Θε</span> <span class='ocrx_word' id='word_1_427' title='bbox 1074 2613 1092 2645; x_wconf 82' lang='grc' dir='ltr'><em>ὃ</em></span> <span class='ocrx_word' id='word_1_428' title='bbox 1109 2612 1142 2644; x_wconf 84' lang='grc' dir='ltr'>δὲ</span> <span class='ocrx_word' id='word_1_429' title='bbox 1161 2614 1210 2645; x_wconf 90' lang='lat' dir='ltr'>E:</span> <span class='ocrx_word' id='word_1_430' title='bbox 1234 2613 1292 2645; x_wconf 84' lang='grc' dir='ltr'>τοῦ</span> <span class='ocrx_word' id='word_1_431' title='bbox 1309 2613 1342 2644; x_wconf 88' lang='grc' dir='ltr'>δὲ</span> <span class='ocrx_word' id='word_1_432' title='bbox 1360 2614 1388 2645; x_wconf 92' lang='lat' dir='ltr'>L</span> <span class='ocrx_word' id='word_1_433' title='bbox 1433 2619 1445 2653; x_wconf 80' lang='grc' dir='ltr'>Η</span> <span class='ocrx_word' id='word_1_434' title='bbox 1491 2623 1530 2655; x_wconf 88' lang='lat'>14</span> <span class='ocrx_word' id='word_1_435' title='bbox 1546 2613 1619 2645; x_wconf 83' lang='grc' dir='ltr'>οὔτε</span> <span class='ocrx_word' id='word_1_436' title='bbox 1637 2613 1674 2646; x_wconf 83' lang='grc' dir='ltr'>θ;</span> 
     </span>
     <span class='ocr_line' id='line_1_38' title="bbox 207 2665 1676 2707; baseline 0.001 -11"><span class='ocrx_word' id='word_1_437' title='bbox 207 2665 244 2696; x_wconf 80' lang='grc' dir='ltr'>οὗ</span> <span class='ocrx_word' id='word_1_438' title='bbox 260 2665 289 2696; x_wconf 91' lang='lat' dir='ltr'>L</span> <span class='ocrx_word' id='word_1_439' title='bbox 337 2669 349 2703; x_wconf 82' lang='grc' dir='ltr'><strong>Η</strong></span> <span class='ocrx_word' id='word_1_440' title='bbox 396 2665 470 2697; x_wconf 78' lang='grc' dir='ltr'>οὔτε</span> <span class='ocrx_word' id='word_1_441' title='bbox 494 2665 535 2698; x_wconf 75' lang='grc' dir='ltr'>Θῑ</span> <span class='ocrx_word' id='word_1_442' title='bbox 569 2666 642 2698; x_wconf 79' lang='grc' dir='ltr'>οὐδὲ</span> <span class='ocrx_word' id='word_1_443' title='bbox 666 2668 694 2699; x_wconf 91' lang='lat' dir='ltr'>L</span> <span class='ocrx_word' id='word_1_444' title='bbox 742 2670 754 2706; x_wconf 84' lang='grc' dir='ltr'>ΙΙ</span> <span class='ocrx_word' id='word_1_445' title='bbox 805 2667 844 2699; x_wconf 87' lang='grc'>16</span> <span class='ocrx_word' id='word_1_446' title='bbox 867 2666 919 2698; x_wconf 82' lang='grc' dir='ltr'>καὶ</span> <span class='ocrx_word' id='word_1_447' title='bbox 943 2665 1072 2706; x_wconf 86' lang='grc' dir='ltr'>δέχεται</span> <span class='ocrx_word' id='word_1_448' title='bbox 1096 2667 1146 2698; x_wconf 90' lang='lat' dir='ltr'>L:</span> <span class='ocrx_word' id='word_1_449' title='bbox 1179 2666 1230 2697; x_wconf 81' lang='grc' dir='ltr'>καὶ</span> <span class='ocrx_word' id='word_1_450' title='bbox 1254 2665 1388 2707; x_wconf 85' lang='grc' dir='ltr'>δέχηται</span> <span class='ocrx_word' id='word_1_451' title='bbox 1413 2667 1458 2697; x_wconf 84' lang='grc' dir='ltr'>Ε;</span> <span class='ocrx_word' id='word_1_452' title='bbox 1481 2666 1633 2706; x_wconf 81' lang='grc' dir='ltr'>ἀνεχέται</span> <span class='ocrx_word' id='word_1_453' title='bbox 1657 2666 1676 2698; x_wconf 91' lang='grc' dir='ltr'><strong>Θ</strong></span> 
     </span>
     <span class='ocr_line' id='line_1_39' title="bbox 209 2716 1675 2760; baseline 0.002 -13"><span class='ocrx_word' id='word_1_454' title='bbox 209 2720 221 2754; x_wconf 84' lang='grc' dir='ltr'>ΙΙ</span> <span class='ocrx_word' id='word_1_455' title='bbox 243 2717 282 2748; x_wconf 91' lang='lat'>18</span> <span class='ocrx_word' id='word_1_456' title='bbox 300 2716 463 2759; x_wconf 77' lang='grc' dir='ltr'>ἐμμένειν]</span> <span class='ocrx_word' id='word_1_457' title='bbox 481 2718 524 2758; x_wconf 90' lang='grc' dir='ltr'>μὴ</span> <span class='ocrx_word' id='word_1_458' title='bbox 541 2718 689 2758; x_wconf 80' lang='grc' dir='ltr'>ὁμονοεῖν</span> <span class='ocrx_word' id='word_1_459' title='bbox 704 2718 722 2751; x_wconf 90' lang='grc' dir='ltr'><strong>Θ</strong></span> <span class='ocrx_word' id='word_1_460' title='bbox 762 2722 774 2757; x_wconf 87' lang='grc'>11</span> <span class='ocrx_word' id='word_1_461' title='bbox 817 2729 855 2750; x_wconf 90' lang='lat'>22</span> <span class='ocrx_word' id='word_1_462' title='bbox 874 2718 973 2750; x_wconf 82' lang='grc' dir='ltr'>ὁκόσα</span> <span class='ocrx_word' id='word_1_463' title='bbox 989 2717 1023 2749; x_wconf 81' lang='grc' dir='ltr'>δὲ</span> <span class='ocrx_word' id='word_1_464' title='bbox 1039 2717 1147 2750; x_wconf 77' lang='grc' dir='ltr'>ἄλλως</span> <span class='ocrx_word' id='word_1_465' title='bbox 1163 2719 1191 2749; x_wconf 92' lang='lat' dir='ltr'>L</span> <span class='ocrx_word' id='word_1_466' title='bbox 1234 2720 1247 2753; x_wconf 88' lang='grc' dir='ltr'>ΙΙ</span> <span class='ocrx_word' id='word_1_467' title='bbox 1291 2728 1328 2760; x_wconf 86' lang='lat'>25</span> <span class='ocrx_word' id='word_1_468' title='bbox 1347 2717 1407 2759; x_wconf 83' lang='grc' dir='ltr'>γὰρ</span> <span class='ocrx_word' id='word_1_469' title='bbox 1423 2718 1441 2750; x_wconf 91' lang='grc' dir='ltr'>θ</span> <span class='ocrx_word' id='word_1_470' title='bbox 1457 2730 1463 2749; x_wconf 87' lang='lat'>:</span> <span class='ocrx_word' id='word_1_471' title='bbox 1489 2718 1522 2750; x_wconf 83' lang='grc' dir='ltr'>δὲ</span> <span class='ocrx_word' id='word_1_472' title='bbox 1540 2719 1568 2750; x_wconf 93' lang='lat' dir='ltr'>L</span> <span class='ocrx_word' id='word_1_473' title='bbox 1585 2719 1675 2760; x_wconf 83' lang='lat' dir='ltr'>vulg.</span> 
     </span>
     <span class='ocr_line' id='line_1_40' title="bbox 209 2767 1672 2813; baseline 0.001 -13"><span class='ocrx_word' id='word_1_474' title='bbox 209 2773 221 2807; x_wconf 81' lang='grc' dir='ltr'>ΙΙ</span> <span class='ocrx_word' id='word_1_475' title='bbox 266 2767 406 2809; x_wconf 81' lang='grc' dir='ltr'>ἔχουσαν</span> <span class='ocrx_word' id='word_1_476' title='bbox 437 2768 455 2801; x_wconf 90' lang='grc' dir='ltr'>θ</span> <span class='ocrx_word' id='word_1_477' title='bbox 506 2774 517 2808; x_wconf 91' lang='grc' dir='ltr'>ΙΙ</span> <span class='ocrx_word' id='word_1_478' title='bbox 570 2778 609 2811; x_wconf 85' lang='grc'>27</span> <span class='ocrx_word' id='word_1_479' title='bbox 640 2774 681 2813; x_wconf 85' lang='grc' dir='ltr'>τῇ</span> <span class='ocrx_word' id='word_1_480' title='bbox 713 2771 781 2812; x_wconf 79' lang='grc' dir='ltr'>περὶ</span> <span class='ocrx_word' id='word_1_481' title='bbox 811 2770 869 2802; x_wconf 86' lang='grc' dir='ltr'>τὸν</span> <span class='ocrx_word' id='word_1_482' title='bbox 899 2771 1061 2811; x_wconf 84' lang='grc' dir='ltr'>ἄνθρωπον</span> <span class='ocrx_word' id='word_1_483' title='bbox 1091 2771 1120 2802; x_wconf 91' lang='lat' dir='ltr'>L</span> <span class='ocrx_word' id='word_1_484' title='bbox 1170 2774 1183 2812; x_wconf 83' lang='grc' dir='ltr'>ΙΙ</span> <span class='ocrx_word' id='word_1_485' title='bbox 1237 2770 1275 2810; x_wconf 88' lang='grc' dir='ltr'>δὴ</span> <span class='ocrx_word' id='word_1_486' title='bbox 1298 2771 1411 2812; x_wconf 83' lang='lat' dir='ltr'><strong>scripsi</strong></span> <span class='ocrx_word' id='word_1_487' title='bbox 1429 2782 1434 2802; x_wconf 88' lang='lat'>:</span> <span class='ocrx_word' id='word_1_488' title='bbox 1468 2770 1502 2801; x_wconf 84' lang='grc' dir='ltr'>δὲ</span> <span class='ocrx_word' id='word_1_489' title='bbox 1533 2770 1561 2801; x_wconf 92' lang='lat' dir='ltr'>L</span> <span class='ocrx_word' id='word_1_490' title='bbox 1584 2771 1672 2812; x_wconf 83' lang='lat' dir='ltr'>vulg.</span> 
     </span>
     <span class='ocr_line' id='line_1_41' title="bbox 210 2820 1675 2864; baseline 0.002 -14"><span class='ocrx_word' id='word_1_491' title='bbox 210 2826 222 2859; x_wconf 81' lang='grc' dir='ltr'>Η</span> <span class='ocrx_word' id='word_1_492' title='bbox 246 2830 281 2860; x_wconf 86' lang='lat'>31</span> <span class='ocrx_word' id='word_1_493' title='bbox 302 2820 353 2851; x_wconf 77' lang='grc' dir='ltr'>καὶ</span> <span class='ocrx_word' id='word_1_494' title='bbox 369 2821 410 2852; x_wconf 81' lang='grc' dir='ltr'>τὰ</span> <span class='ocrx_word' id='word_1_495' title='bbox 425 2820 464 2853; x_wconf 73' lang='grc' dir='ltr'>θῑ</span> <span class='ocrx_word' id='word_1_496' title='bbox 493 2821 533 2853; x_wconf 81' lang='grc' dir='ltr'>τὰ</span> <span class='ocrx_word' id='word_1_497' title='bbox 550 2823 578 2854; x_wconf 93' lang='lat' dir='ltr'>L</span> <span class='ocrx_word' id='word_1_498' title='bbox 595 2824 685 2864; x_wconf 85' lang='lat' dir='ltr'><strong>vulg.</strong></span> <span class='ocrx_word' id='word_1_499' title='bbox 728 2828 739 2862; x_wconf 74' lang='grc' dir='ltr'>Η</span> <span class='ocrx_word' id='word_1_500' title='bbox 785 2833 822 2863; x_wconf 80' lang='lat'>32</span> <span class='ocrx_word' id='word_1_501' title='bbox 842 2823 858 2853; x_wconf 88' lang='grc' dir='ltr'>ὁ</span> <span class='ocrx_word' id='word_1_502' title='bbox 875 2822 934 2862; x_wconf 88' lang='grc' dir='ltr'>μέν</span> <span class='ocrx_word' id='word_1_503' title='bbox 947 2822 965 2855; x_wconf 91' lang='grc' dir='ltr'>θ</span> <span class='ocrx_word' id='word_1_504' title='bbox 983 2835 988 2854; x_wconf 88' lang='lat'><strong>:</strong></span> <span class='ocrx_word' id='word_1_505' title='bbox 1014 2822 1065 2854; x_wconf 75' lang='grc' dir='ltr'>καὶ</span> <span class='ocrx_word' id='word_1_506' title='bbox 1086 2823 1102 2853; x_wconf 87' lang='grc' dir='ltr'><em>ὁ</em></span> <span class='ocrx_word' id='word_1_507' title='bbox 1125 2822 1184 2862; x_wconf 87' lang='grc' dir='ltr'>μὲν</span> <span class='ocrx_word' id='word_1_508' title='bbox 1201 2823 1229 2854; x_wconf 88' lang='lat' dir='ltr'>L</span> <span class='ocrx_word' id='word_1_509' title='bbox 1246 2823 1334 2864; x_wconf 84' lang='lat' dir='ltr'>vulg.</span> <span class='ocrx_word' id='word_1_510' title='bbox 1379 2828 1390 2862; x_wconf 77' lang='grc' dir='ltr'>Η</span> <span class='ocrx_word' id='word_1_511' title='bbox 1437 2832 1477 2863; x_wconf 84' lang='lat'>34</span> <span class='ocrx_word' id='word_1_512' title='bbox 1492 2821 1638 2863; x_wconf 77' lang='grc' dir='ltr'>βιάζηται</span> <span class='ocrx_word' id='word_1_513' title='bbox 1656 2821 1675 2853; x_wconf 87' lang='grc' dir='ltr'><strong>Θ</strong></span> 
     </span>
     <span class='ocr_line' id='line_1_42' title="bbox 209 2872 499 2912; baseline 0.01 -10"><span class='ocrx_word' id='word_1_514' title='bbox 209 2876 220 2909; x_wconf 66' lang='lat' dir='ltr'>l!</span> <span class='ocrx_word' id='word_1_515' title='bbox 245 2872 463 2912; x_wconf 86' lang='grc' dir='ltr'>ἁμαρτήσεται</span> <span class='ocrx_word' id='word_1_516' title='bbox 481 2873 499 2905; x_wconf 90' lang='grc' dir='ltr'>θ</span> 
     </span>
    </p>
   </div>
  </div>
 </body>
</html>
