1893 3230
759 235 861 263 ΠΕΡΙ
892 233 1072 264 ΦΥΣΕΩΣ.
1624 229 1646 263 5

175 468 237 512 ‘O
274 466 383 530 ἅναξ
417 467 464 513 οῧ
499 466 554 513 τὸ
589 468 792 521 μαντεῖόν
829 468 926 513 ἐστι
965 467 1021 513 τὸ
1056 469 1098 512 ἐν
1137 468 1350 530 Δελφοῖς,
1387 467 1487 512 οὔτε
1524 466 1643 527 λέγει

179 543 280 589 οὔτε
303 542 496 606 κρύπτει,
523 541 643 588 ἀλλὰ
668 542 873 596 σημαίνει.

863 658 968 701 ΧΠ.

181 740 388 798 Σίβυλλα
414 740 458 787 δὲ
480 741 717 800 μαινομένῳ
737 741 932 793 στόματι
964 740 1201 801 ἀγέλαστα
1225 739 1294 785 καὶ
1320 739 1647 785 ἀκαλλώπιστα

178 817 247 861 καὶ
274 816 493 879 ἀμύριστα
527 817 816 880 φθεγγομένη
849 816 1000 878 χιλίων
1028 815 1154 860 ἐτέων
1177 813 1405 876 ἐξικνέεται
1438 819 1493 876 τῇ
1526 817 1647 878 φωνῇ

181 889 251 936 διὰ
274 890 353 937 τὸν
379 892 490 938 θεόν.

179 1044 281 1076 τοῦτο
299 1043 451 1086 μάλιστα
470 1042 645 1087 σεβόμεθα
665 1043 718 1077 καὶ
737 1041 935 1087 τεθήπαμεν,
957 1041 1008 1076 ὅτι
1033 1042 1077 1087 μὴ
1106 1044 1287 1088 πρόχειρος
1307 1041 1325 1086 ἡ
1345 1046 1473 1088 γνῶσις
1492 1042 1649 1076 αὐτοῦ-

181 1105 333 1155 Respio.
362 1106 471 1144 Philo
500 1107 547 1144 (le
575 1107 734 1156 Profug.
764 1120 825 1155 32,
846 1120 882 1156 p.
906 1116 1010 1155 5733
1050 1107 1096 1144 de
1127 1107 1259 1144 Somn.
1287 1106 1312 1144 i.
1342 1120 1374 1154 2,
1403 1119 1440 1156 p.
1464 1107 1562 1153 6213
1602 1105 1649 1143 de

182 1171 290 1221 Spec.
312 1170 409 1220 legg.
433 1173 465 1217 8,
488 1184 524 1221 p.
549 1170 861 1220 344—Iulianus
882 1171 948 1208 Or.
970 1171 1034 1208 vii.
1059 1184 1094 1220 p.
1120 1172 1194 1208 216
1218 1171 1259 1208 C.

235 1247 291 1274 XI.
322 1235 550 1274 Plutarchus
570 1237 616 1274 (le
637 1236 748 1286 Pyth.
770 1250 865 1274 orac.
890 1249 908 1274 2
921 1249 951 1280 1,
973 1250 1009 1286 p.
1028 1248 1128 1283 404:
1159 1235 1250 1283 οἶμαι
1269 1237 1308 1271 δέ
1327 1251 1368 1271 σε
1389 1238 1592 1284 γιγνώσκειν
1609 1237 1650 1271 τὸ

179 1301 258 1348 παρ’
272 1302 484 1351 (Ηρακλείτῳ
513 1305 704 1349 λεγόμενον,
735 1304 779 1339 ὡς
807 1306 825 1338 ὁ
845 1303 929 1347 ἅναξ
958 1302 996 1337 οὗ
1022 1304 1061 1337 τὸ
1085 1304 1238 1347 μαντεῖόν
1266 1302 1342 1337 ἐστι
1364 1303 1404 1336 τὸ
1434 1302 1469 1336 ἐν
1497 1303 1650 1348 Δελφοῖς

179 1369 258 1401 οὔτε
285 1367 380 1412 λέγει
409 1370 486 1402 οὔτε
514 1366 651 1414 κρύπτει
679 1368 770 1402 ἀλλὰ
800 1365 1245 1413 capulum—lamblichus
1275 1365 1321 1403 de
1351 1364 1468 1414 Myst.
1498 1364 1552 1402 iii.
1579 1375 1648 1412 15:

181 1434 398 1478 συμβολικῶς
419 1433 454 1468 δὲ
474 1433 534 1478 τὴν
551 1435 687 1480 γνώμην
707 1435 767 1467 τοῦ
792 1433 871 1467 θεοῦ
889 1431 1098 1478 ἐμφαίνουσι
1126 1433 1178 1467 καὶ
1198 1432 1258 1477 τὴν
1278 1435 1339 1467 τοῦ
1358 1432 1546 1477 μέλλοντος
1565 1447 1650 1476 προ-

163 1498 344 1543 ·δὴλωσιν,
366 1498 436 1534 καθ’
456 1498 689 1546 (Ηράκλειτον,
711 1501 789 1533 οὔτε
807 1499 965 1545 λέγοντες
986 1500 1063 1532 οὔτε
1084 1497 1287 1544 κρύπτοντες
1309 1498 1401 1532 ἀλλὰ
1431 1498 1651 1542 σημαίνοντες

181 1562 346 1599 —Idem
376 1576 436 1612 ap.
467 1563 573 1600 Stob.
604 1562 736 1600 Florll.
766 1562 888 1600 lxxxi.
915 1572 983 1610 17:
1024 1564 1123 1600 αὐτὸς
1157 1565 1174 1597 ὁ
1205 1563 1241 1597 ε’ν
1270 1564 1424 1608 Δελφοῖς
1454 1562 1540 1606 θεός,
1573 1565 1650 1597 οὔτε

181 1628 304 1676 λέγων,
325 1629 396 1664 καθ’
416 1629 651 1676 Ἡράκλειτον,
673 1632 749 1664 οὔτε
779 1629 933 1676 κρύπτων
952 1629 1043 1663 ἀλλὰ
1071 1629 1242 1673 σημαίνων
1261 1629 1322 1664 τὰς
1340 1629 1506 1673 μαντείας,
1529 1628 1652 1675 ἐγείρει

182 1696 267 1741 πρὸς
287 1695 496 1740 διαλεκτικὴν
516 1694 726 1741 ὃιερεῦνησιν
745 1696 824 1731 τοὺς
844 1695 1006 1739 ἐπηκόους
1025 1698 1092 1729 τῶν
1110 1691 1559 1742 χρησμῶν-ΑΠΟΠΥΙᾙΠΞ
1585 1705 1647 1742 ap.

184 1758 290 1797 SbOb.
313 1759 446 1796 Floril.
467 1773 503 1798 V.
527 1768 573 1808 72
591 1772 598 1796 ἰ
630 1762 674 1796 ὡς
694 1762 758 1808 γὰρ
780 1762 797 1794 ὁ
818 1760 901 1804 ἅναξ
921 1761 939 1794 ὁ
960 1761 994 1795 ἐν
1014 1762 1166 1806 Δελφοῖς
1188 1762 1265 1794 οὔτε
1291 1760 1385 1806 λέγει
1412 1762 1488 1794 οὕτε
1511 1758 1651 1805 κρύπτει

181 1825 272 1860 ἀλλὰ
293 1826 458 1871 σημαίνει,
480 1827 561 1860 κατὰ
586 1828 645 1861 τὸν
663 1825 896 1872 Ἡράκλειτον,
917 1824 1004 1860 οὗτω
1033 1829 1100 1860 τῶν
1120 1825 1362 1872 Πυθαγορικῶν
1388 1826 1575 1869 συμβόλων
1598 1823 1653 1858 καὶ

181 1893 221 1927 τὸ
241 1891 435 1939 φράζεσθαι
452 1892 571 1926 δοκοῦν
583 1891 812 1938 κρυπτόμενόν
824 1891 900 1926 ε’στι
915 1891 968 1925 καὶ
987 1892 1025 1925 τὸ
1041 1890 1251 1937 κρύπτεσθαι
1264 1887 1651 1938 νοούμενον-ΒΘΞΡῙΟ.

181 1955 376 1995 Lucianus
391 1955 471 1994 Vit.
491 1960 590 1993 auct.
618 1968 687 2002 14:
719 1957 867 2003 ἀτεχνῶς
885 1957 952 2003 γὰρ
973 1957 1090 2003 ὥσπερ
1111 1958 1128 1991 ὁ
1149 1955 1271 2002 Λοξίας
1291 1956 1388 1991 οὐδέν
1407 1955 1613 2002 ἀποσαφεῖς.

235 2024 311 2061 3111.
342 2021 572 2060 Plutarchus
600 2023 647 2060 de
677 2019 908 2072 Pythsorao.
942 2025 977 2068 6,
1006 2035 1043 2072 p.
1077 2031 1176 2071 397:
1217 2023 1371 2065 Σίβυλλα
1400 2023 1435 2057 δέ
1463 2022 1652 2071 μαινομένῳ

181 2091 338 2135 στόματι,
359 2089 430 2124 καθ’
445 2088 678 2136 (Ηράκλειτον,
700 2088 876 2136 ἀγέλαστα
896 2090 949 2124 καὶ
968 2089 1214 2124 ἀκαλλώπιστα
1234 2090 1286 2123 καὶ
1306 2088 1478 2134 ἀμύριστα
1497 2087 1651 2135 φθεγγο-

181 2155 262 2200 μένη
282 2155 404 2201 χιλίων
422 2155 505 2190 ε’τῶν
524 2155 701 2199 ἐξικνεῖται
726 2158 766 2199 τῇ
792 2156 888 2202 φωνῇ
911 2155 963 2189 διὰ
989 2156 1048 2190 τὸν
1067 2155 1154 2191 θεόν.
1212 2156 1230 2188 ὁ
1255 2155 1289 2189 δὲ
1317 2152 1484 2200 Πίνδαρος
1509 2150 1656 2188 ἀκοῦσαί

183 2222 274 2266 φησι
302 2223 361 2255 τοῦ
386 2220 463 2255 θεοῦ
490 2221 550 2255 τὸν
580 2220 717 2265 Κάδμον
746 2221 784 2255 οὗ
813 2222 980 2266 μουσικὰν
1000 2220 1115 2267 ὀρθάν,
1146 2221 1210 2266 οὐχ
1240 2220 1351 2264 ἡδεῖαν
1384 2220 1459 2254 οὐδὲ
1479 2219 1653 2266 τρυφερὰν

182 2286 260 2321 οὐδὲ
275 2286 561 2331 ἐπικεκλασμένην
580 2288 649 2322 τοῖς
667 2284 1043 2330 μελεσιν-ΟῙΘῙΗΘΙΙΒ
1063 2283 1178 2321 Alex.
1202 2284 1344 2321 Strom.
1361 2283 1384 2321 i.
1407 2292 1466 2331 15,
1486 2296 1523 2333 p.
1547 2284 1623 2331 358
1642 2296 1649 2319 2

181 2350 406 2398 Ἡράκλειτος
438 2352 504 2398 γὰρ
541 2351 600 2385 οὐκ
629 2351 845 2397 ἀνθρωπίνως
878 2352 988 2397 φησιν
1021 2350 1111 2384 ἀλλὰ
1141 2351 1207 2385 σὺν
1239 2350 1304 2399 θεῷ
1335 2351 1469 2395 μᾶλλον
1498 2348 1652 2393 Σιβύλλῃ

183 2414 564 2464 πεφάνθαι-ΒΘΞΡὶΟ.
580 2415 966 2465 pseudo-Heraclitus
987 2414 1111 2464 Epist.
1126 2414 1194 2452 viii
1210 2428 1217 2452 :
1247 2413 1316 2451 εἶδέ
1334 2431 1376 2450 σε
1394 2416 1462 2461 πρὸ
1482 2413 1653 2450 τοσούτου

183 2482 302 2519 αἰῶνος
321 2511 330 2519 .
352 2510 360 2519 .
383 2509 392 2519 .
415 2510 423 2519 .
444 2482 463 2527 ἡ
494 2483 652 2525 Σίβυλλα
682 2480 1041 2519 xre‘.—-Iamblichus
1067 2481 1113 2518 cle
1138 2480 1254 2530 Myst.
1278 2479 1334 2518 iii.
1361 2481 1407 2517 8:
1445 2482 1570 2527 λόγους
1593 2480 1654 2525 μὲν

183 2547 360 2594 προϊεμένη
382 2544 478 2596 (scil.
507 2547 526 2592 ἡ
556 2547 623 2583 ἀπὸ
651 2551 718 2583 τῶν
741 2548 826 2583 θεῶν
848 2550 1007 2594 παροῦσα
1031 2545 1249 2596 ἐπικράτεια),
1270 2548 1309 2581 οὐ
1334 2547 1419 2592 μετὰ
1448 2546 1594 2581 διανοίας
1616 2545 1653 2579 δὲ

185 2616 252 2648 τῶν
264 2615 444 2660 λεγόντων,
461 2614 552 2648 ἀλλὰ
571 2613 758 2662 μαινομένῳ
778 2615 870 2660 φασὶ
890 2616 1033 2659 στόματι
1053 2613 1298 2660 φθεγγομένων
1317 2612 1438 2648 αὐτοὺς
1457 2612 1510 2646 καὶ
1529 2612 1653 2657 ὑπηρε-

184 2678 330 2713 τούντων
353 2678 444 2713 ὅλων
466 2680 518 2713 καὶ
544 2679 839 2726 παραχωρούντων
863 2681 946 2724 μόνῃ
975 2682 1014 2724 τῇ
1042 2681 1103 2714 τοῦ
1129 2681 1331 2725 κρατοῦντος
1358 2675 1651 2725 ἐνεργέιᾳ-Ῐοΐίὶ.

187 2741 407 2780 Chalcidius
427 2742 468 2780 in
483 2742 582 2781 Tim.
603 2756 676 2792 249
693 2755 702 2781 ε
731 2743 867 2781 asserit
889 2742 982 2795 (scil.
1002 2742 1240 2794 Heraclitus)
1257 2741 1510 2780 divinationis
1528 2753 1651 2787 usum,

187 2810 226 2845 et
244 2808 485 2856 praemoneri
504 2808 662 2846 meritos
681 2808 963 2847 instruentibus
984 2808 1126 2847 divinis
1146 2807 1414 2858 potestatibus.

368 2955 416 2979 XI.
440 2945 521 2988 ὧναξ
538 2948 736 2989 Stephanus.
1008 2956 1073 2982 ΧΠ,
1100 2947 1181 2980 ἐτῶν
1198 2947 1368 2988 ἐξικνεῖται
1389 2947 1476 2989 vulg.
