1893 3230
777 224 880 253 ΠΕΡΙ
909 224 1089 255 ΦΥΣΕΩΣ.
1616 220 1665 254 37

201 338 278 377 τῶν
309 335 385 377 ἀπὸ
414 335 582 386 μονάδος
614 337 700 387 ἑξῆς
729 338 987 390 τετραγώνων
1019 338 1069 387 α’,
1096 335 1143 387 δ’,
1171 335 1217 387 θ’,
1244 334 1306 384 ις’.
1368 336 1460 376 ὅθεν
1490 335 1558 376 οὐκ
1590 334 1666 376 ἀπὸ

202 409 351 446 σκοποῦ
373 403 632 457 “Ηράκλειτος
654 406 798 458 γενεὰν
819 405 887 446 τὸν
908 409 1010 457 μῆνα
1031 410 1155 447 καλεῖ.

809 534 1059 575 LXXXIX.

199 613 266 654 Ex
288 613 455 655 homine
476 614 521 654 in
542 613 748 655 tricennio
769 617 908 668 potest
929 629 1032 655 avus
1052 614 1209 655 haberi.

890 744 981 786 XC.

257 823 323 865 M.
339 823 583 865 Antoninus
597 824 654 865 vi.
679 837 735 876 42
756 841 764 866 :
796 824 940 867 πάντες
963 826 1018 867 εἰς
1040 825 1082 866 ἓν
1105 823 1362 876 ἀποτέλεσμα
1383 826 1666 876 συνεργοῦμεν,

200 895 237 934 οἱ
263 895 336 945 μὲν
367 895 520 937 εἰδότως
551 894 612 934 καὶ
642 896 1043 946 παρακολουθητικῶς,
1077 895 1114 934 οἱ
1142 894 1184 935 δὲ
1216 891 1495 935 ἀνεπιστάτως“
1535 892 1667 943 ὥσπερ

201 963 263 1004 καὶ
293 962 382 1006 τοὺς
419 964 687 1011 καθεύδοντας,
720 963 838 1014 οἶμαι,
871 964 891 1003 ὁ
923 961 1184 1015 ιΗροίκλειτος
1220 960 1386 1016 ἐργάτας
1424 961 1523 1002 εἶναι
1559 960 1670 1013 λέγει

200 1032 262 1073 καὶ
284 1032 494 1085 συνεργοὺς
516 1035 592 1073 τῶν
613 1033 656 1072 ἐν
677 1034 728 1087 τῷ
752 1032 884 1087 κόσμῳ
902 1032 1133 1085 γινομένων.

198 1236 332 1287 ’Ξυνόν
367 1238 462 1284 ἐστι
501 1239 611 1283 πᾶσι
648 1236 703 1283 τὸ
742 1237 952 1301 φρονέειν.
1022 1236 1094 1300 ξὺν
1130 1237 1210 1296 νόῳ
1246 1237 1463 1298 λέγοντας
1499 1236 1669 1300 ἰσχυρί-

199 1310 351 1377 ζεσθαι
377 1313 464 1376 χρὴ
493 1315 556 1372 τῷ
586 1312 695 1375 ξυνῷ
711 1312 898 1367 πάντων,
925 1312 1126 1376 ὅκωσπερ
1161 1312 1272 1372 νόμῳ
1302 1311 1433 1362 πόλις
1456 1311 1525 1357 καὶ
1551 1311 1668 1357 πολὺ

196 1397 501 1460 ἰσχυροτέρως.
571 1396 817 1460 τρέφονται
849 1394 941 1460 ’γὰρ
974 1395 1135 1446 πάντες
1171 1397 1213 1441 οἶ
1247 1395 1503 1460 ἀνθρώπειοι
1541 1394 1666 1449 νόμοι

198 1555 428 1594 Heracliteis
444 1554 638 1593 insistenti
654 1555 830 1593 existimo
852 1555 995 1602 deberi,
1010 1555 1158 1593 collatis
1178 1555 1224 1593 iis
1245 1569 1343 1605 quae
1363 1555 1481 1593 etiam
1501 1554 1547 1592 de
1566 1568 1667 1592 anno

195 1623 313 1661 refert
328 1622 554 1660 Plutarchus
569 1621 615 1660 (le
632 1622 738 1661 Orac.
754 1622 826 1659 def.
841 1634 856 1659 I
867 1635 899 1669 2,
914 1636 949 1672 p.
968 1634 989 1669 4
999 1634 1013 1658 1
1023 1623 1044 1658 6
1058 1637 1064 1659 z
1094 1624 1153 1658 οὐκ
1173 1623 1323 1658 ἐνιαυτὸς
1337 1622 1445 1669 ἀρχὴν
1461 1622 1495 1657 ἐν
1509 1622 1598 1669 αὑτῷ
1614 1622 1667 1657 καὶ

196 1690 358 1734 τελευτὴν
377 1691 461 1734 ὁμοῦ
484 1690 618 1724 πάντων
639 1689 684 1723 ὧν
704 1687 874 1735 φέρουσιν
893 1689 975 1734 ὧραι
1004 1690 1046 1735 γῆ
1075 1689 1110 1723 δέ
1137 1687 1218 1734 φύε-ι
1237 1686 1416 1734 περιέχων,
1439 1686 1517 1721 οὐδὲ
1537 1686 1665 1733 ἀνθρώ·

197 1769 271 1791 πων
291 1755 357 1790 ἀπὸ
376 1756 504 1800 τρόπου
526 1754 621 1801 γενεὰ
642 1753 808 1798 κέκληται.

251 1830 420 1856 LXXXIX.
452 1817 566 1856 Philo
588 1818 660 1866 Qu.
682 1817 723 1855 in
745 1818 838 1855 Gen.
857 1816 896 1854 ii.
915 1827 949 1865 5,
970 1831 1006 1867 p.
1026 1819 1073 1854 82
1089 1815 1252 1854 Aucher.
1270 1828 1277 1853 :
1309 1815 1472 1866 triginta
1492 1814 1666 1864 apprime

196 1885 372 1923 naturale
393 1889 450 1922 est
464 1898 474 1931 ;
505 1884 604 1921 sicut
624 1883 726 1921 enim
746 1882 788 1920 in
808 1882 971 1920 unitatis
991 1882 1088 1919 serie
1108 1882 1235 1919 trinus
1255 1885 1313 1919 est
1334 1894 1529 1927 numeruS,
1550 1880 1605 1918 ita
1625 1880 1666 1918 in

194 1950 361 1988 denariis
381 1949 566 1998 triginta:
597 1949 713 1999 idque
729 1949 842 1987 lunae
862 1949 1001 1999 cyclus,
1019 1948 1191 1986 collectio
1212 1947 1456 1997 singulorum
1475 1945 1665 1983 mensium

194 2016 307 2067 plena
328 2015 592 2053 delineatione.
638 2015 815 2061 seeundo,
837 2015 1082 2065 componitur
1102 2027 1149 2051 ex
1170 2017 1357 2063 quattuor
1377 2011 1665 2050 continuatione

196 2082 360 2120 unitatis
388 2081 526 2119 horum
553 2081 922 2131 quadrangulorum,
943 2080 977 2127 Ι,
998 2079 1069 2125 IV,
1090 2079 1169 2126 IX,
1191 2079 1305 2125 XVI,
1329 2077 1492 2127 triginta
1521 2077 1663 2115 consti-

194 2146 403 2185 tuentibus.
441 2147 544 2184 unde
572 2160 648 2184 non
675 2146 798 2196 gratis
827 2159 870 2183 ae
899 2146 1041 2184 frustra
1062 2145 1283 2182 Heraclitus
1310 2143 1596 2194 generationem
1623 2142 1664 2181 id

193 2212 345 2251 vocavit
366 2226 484 2262 quum
504 2212 646 2250 diceret
664 2226 670 2250 :
714 2212 775 2249 Ex
795 2211 950 2249 homine
969 2210 1010 2248 in
1030 2210 1220 2249 tricennio
1240 2212 1368 2260 potest
1389 2222 1483 2248 avus
1502 2208 1660 2255 haberi;

194 2278 374 2328 quoniam
389 2279 634 2328 pubertatem
653 2277 812 2327 attingit
828 2277 931 2314 XIV
944 2277 1082 2314 aetatis
1099 2289 1210 2322 anno,
1225 2289 1300 2325 quo
1316 2274 1503 2312 seminare
1515 2276 1659 2323 potest;

194 2357 324 2381 semen
344 2347 471 2381 autem
492 2343 574 2381 eius
594 2343 696 2380 inter
715 2356 859 2380 annum
886 2342 1103 2380 confectum
1129 2341 1270 2378 iterum
1297 2344 1385 2390 post
1413 2353 1559 2377 annum
1579 2339 1660 2377 XV

192 2413 348 2460 generat
381 2408 547 2446 similem
581 2408 665 2445 sibi.
715 2421 763 2445 ex
797 2407 858 2445 his
892 2410 1022 2445 autem
1055 2406 1275 2444 nominibus
1309 2418 1471 2443 avorum
1505 2408 1658 2454 patrum

191 2475 359 2513 filiorum
393 2477 583 2520 natorum,
614 2473 713 2511 sicut
747 2477 786 2511 et
815 2475 984 2510 matrum
1010 2471 1177 2509 filiarum
1207 2471 1455 2520 filiarumque
1484 2469 1657 2519 prolibus
1692 2486 1696 2490 ·

191 2541 378 2591 completa
396 2539 596 2590 perficitur
611 2539 819 2590 generatio.

245 2618 326 2645 XCI.
357 2606 543 2644 Stobaeus
572 2605 702 2643 Floril.
726 2604 781 2644 iii.
803 2603 1064 2653 84—Respie.
1092 2602 1297 2641 Cleanthes
1325 2602 1375 2640 H.
1404 2601 1445 2638 in
1474 2601 1555 2639 Iov.
1582 2613 1654 2647 24:

190 2672 259 2709 οὔτ’
281 2674 431 2720 ε’σορῶσι
451 2673 529 2707 θεοῦ
549 2673 658 2707 κοινὸν
678 2673 778 2718 νόμον
798 2673 876 2706 οὔτε
897 2670 1072 2716 κλύουσιν,
1094 2667 1121 2719 ᾦ
1139 2684 1194 2705 κεν
1211 2669 1404 2715 πειθόμενοι
1430 2667 1497 2704 σὺν
1514 2670 1558 2717 νῷ
1578 2667 1658 2710 βίον

234 2807 302 2830 xc1.
328 2798 456 2839 φρονεῖν
472 2799 560 2839 vulg.
601 2802 612 2837 ΙΙ
631 2797 712 2830 πολὺ
734 2796 1033 2829 Schleiermaeher:
1056 2795 1167 2828 πόλιος
1177 2795 1324 2827 Preller:
1341 2793 1432 2826 πόλις
1448 2794 1555 2835 vulg:
1574 2793 1658 2824 mire

189 2851 307 2882 Iacobs
328 2849 378 2880 καὶ
403 2849 500 2880 πόλος
523 2849 569 2881 ἔτ’
586 2849 784 2891 ἰσχυροτέρῳ
808 2850 892 2891 (scil.
915 2847 1126 2890 ἰσχυρίζεται)
1176 2851 1188 2886 ll
1212 2846 1393 2889 ἀνθρώπειοι
1414 2845 1484 2878 eod.
1508 2846 1537 2876 B
1563 2845 1657 2876 Gais-

189 2902 308 2934 fordii:
333 2901 500 2942 ἀνθρώπιοι
517 2902 568 2934 ed.
592 2903 810 2934 Trincavell.:
839 2900 1022 2943 ἀνθρώπινοι
1044 2900 1132 2942 vulg.
1176 2903 1188 2938 ΙΙ
1206 2899 1321 2941 κρατεῖ
1336 2899 1424 2940 vulg.
1446 2908 1526 2929 corr.
1543 2897 1656 2928 Ritter

193 2957 205 2993 Η
225 2953 352 2994 ἐξαρκεῖ
363 2954 451 2995 vulg.
470 2964 550 2985 corr.
568 2955 688 2986 Ritter.
