1893 3230
794 255 1034 284 PRAEFATIO.
1602 241 1642 282 xi

185 369 382 406 Clemente
415 372 543 406 autem
576 380 619 405 ac
653 366 806 404 Plotino
840 368 978 405 saltem
1011 367 1108 404 nihil
1142 367 1372 417 negaverim,
1407 367 1480 405 etsi
1512 367 1643 405 videor

182 433 276 470 mihi
296 433 425 471 videre
454 433 637 470 nonnulla
655 432 770 470 etiam
791 432 861 470 hos
887 433 934 470 ab
955 432 1040 470 aliis
1059 432 1327 483 desumpsisse.
1385 432 1442 470 Ut
1466 436 1511 469 ut
1531 436 1643 470 cst——

181 503 220 537 et
252 499 293 536 in
327 512 368 536 re
400 498 637 547 incomperta
665 511 742 534 non
770 501 829 535 est
856 501 1000 536 temere
1033 510 1102 535 nec
1134 498 1182 535 de
1214 497 1393 534 omnibus
1422 497 1643 547 negandum

181 563 334 601 —illud
359 566 512 601 tantum
538 566 711 601 monstro
737 566 952 612 statuoque,
973 562 1075 612 apud
1102 562 1272 608 seriores,
1294 561 1416 600 sicubi
1442 575 1501 600 res
1527 562 1644 600 altius

180 628 405 678 investigari
425 632 561 678 potest,
583 629 715 666 crebra
734 627 875 665 indicia
898 627 1001 665 cerni
1031 627 1298 677 interpretum,
1319 628 1367 664 ab
1387 627 1472 665 aliis
1491 631 1644 677 accepta

180 693 282 731 tradi
301 694 524 743 fragmenta,
545 706 614 731 nec
633 707 702 731 sua
727 692 800 730 sibi
825 705 1014 742 quemque
1034 692 1075 729 in
1094 692 1194 729 libro
1214 691 1420 742 archetypo
1441 692 1641 730 invenisse.

181 758 289 806 Quae
302 772 388 797 cum
400 758 455 796 ita
468 759 557 805 sint,
570 771 645 795 non
662 771 742 795 esse
755 757 980 806 fragmentis
993 757 1170 795 omnibus
1187 757 1345 794 eandem
1360 757 1475 794 fidem
1491 760 1530 795 et
1544 757 1643 795 ratio

180 825 236 862 rei
256 825 366 863 docet
386 828 425 862 et
444 838 504 862 res
524 824 608 874 ipsa
627 825 804 862 declarat.
865 824 925 861 Ut
948 823 1087 861 habeat
1112 836 1252 873 magna
1276 836 1364 873 pars
1392 823 1643 873 reliquiarum

182 903 313 928 omnes
341 889 518 928 veritatis
551 902 739 936 numeros,
776 893 866 926 sunt
894 893 1023 926 tamen
1053 901 1129 925 non
1157 901 1277 938 pauca
1306 902 1403 937 quae
1431 889 1645 928 deformata

180 969 224 993 ac
244 956 404 993 fortasse
425 955 581 992 omnino
603 959 744 992 novata
769 954 882 991 hodie
906 954 1111 1004 leguntur;
1142 967 1239 1002 quae
1263 953 1469 991 sollicitare
1491 954 1644 992 reficere

181 1020 361 1058 Ionismis
380 1021 591 1070 praelinere
617 1020 666 1057 ad
692 1020 922 1058 severiorem
948 1019 1121 1068 regulam
1144 1018 1297 1068 exigere
1317 1032 1439 1056 vanus
1458 1019 1567 1056 labor
1586 1024 1644 1057 est

181 1091 220 1124 et
249 1085 408 1123 otiosus.
465 1085 579 1133 Quod
607 1085 791 1122 admonui
818 1084 962 1134 partim
996 1083 1190 1121 Heracliti
1218 1097 1328 1121 causa
1357 1083 1502 1133 partim
1531 1098 1616 1122 mea
1631 1098 1642 1131 3

180 1165 270 1189 nam
300 1151 487 1201 quaedam
516 1150 605 1188 dedi
630 1163 727 1200 quae
753 1150 842 1187 nolo
871 1150 1023 1187 credere
1058 1163 1079 1186 a
1112 1152 1244 1186 nostro
1272 1149 1327 1186 ita
1353 1162 1435 1187 esse
1461 1149 1643 1199 profecta,

181 1217 326 1254 intacta
345 1218 475 1254 autem
501 1216 686 1265 quaedam
706 1215 846 1264 reliqui
876 1227 972 1264 quae
992 1213 1057 1251 alii
1076 1227 1214 1263 parum
1243 1213 1343 1251 felici
1370 1217 1453 1253 arte
1478 1217 1643 1266 tempta-

179 1286 320 1320 verunt
340 1281 449 1331 quasi
467 1280 591 1331 ipsam
612 1280 804 1318 Heracliti
823 1281 980 1317 manum
999 1279 1230 1317 restituturi.

235 1347 347 1395 Quod
363 1347 411 1384 ad
431 1346 637 1384 dialectum
652 1345 957 1395 fragmentorum
971 1344 1131 1391 adtinet,
1148 1358 1225 1381 non
1240 1344 1489 1395 suppeditant
1505 1346 1644 1395 quibus

180 1412 270 1450 freti
290 1412 336 1449 de
350 1411 528 1449 universa
542 1410 732 1448 Heracliti
745 1410 937 1448 locutione
952 1410 1248 1460 pronuntiemus
1265 1423 1271 1447 :
1298 1410 1526 1448 veterrimae
1541 1411 1644 1448 enim

179 1479 287 1516 Ἰάδος
315 1478 416 1527 leges
447 1482 485 1515 et
513 1477 721 1516 varietates
750 1477 920 1514 nondum
954 1480 1174 1526 perspectae
1209 1475 1320 1513 nobis
1353 1479 1392 1514 et
1425 1476 1645 1527 exploratae

181 1547 283 1590 sunt,
305 1543 516 1593 Ephesiaca
535 1543 719 1581 dialectus
740 1556 834 1592 quas
860 1542 1113 1592 proprietates
1133 1541 1312 1579 habuerit
1331 1541 1509 1589 nescitur,
1532 1555 1579 1580 ne
1599 1543 1646 1580 de

183 1609 406 1646 Herodotea
440 1608 595 1658 quidem
628 1607 810 1657 loquendi
848 1607 997 1645 ratione
1035 1607 1127 1644 satis
1158 1611 1308 1644 constat
1347 1606 1450 1644 inter
1482 1620 1545 1645 eos
1578 1607 1645 1657 qui

182 1675 382 1713 Herodoto
400 1688 553 1724 operam
574 1674 776 1712 dederunt.
829 1672 988 1711 Accedit
1008 1673 1111 1722 quod
1130 1677 1303 1710 auctores
1323 1672 1446 1710 nostri
1466 1686 1535 1710 sua
1554 1673 1646 1710 scri-

180 1741 364 1778 barumve
393 1740 540 1779 incuria
566 1739 785 1790 saepissime
813 1739 868 1776 ita
894 1738 1117 1776 Heraclitea
1144 1737 1389 1776 tradiderunt
1417 1742 1462 1775 ut
1491 1737 1645 1776 dialecti

181 1805 345 1855 vestigia
364 1806 565 1843 obscurata
591 1805 705 1842 modo
728 1805 875 1842 lateant
901 1804 1097 1841 interdum
1119 1816 1276 1853 prorsus
1299 1803 1424 1840 deleta
1448 1803 1644 1852 perierint.

181 1872 290 1920 Quae
325 1870 490 1921 praefati
527 1870 733 1907 dialectum
773 1869 1043 1911 Heracliteam,
1083 1868 1210 1918 quoad
1252 1881 1295 1906 ea
1333 1882 1380 1906 ex
1417 1868 1647 1917 fragmentis

180 1936 352 1986 recolligi
371 1940 509 1986 potest,
528 1935 698 1973 breviter
716 1934 1019 1984 perstringamus
1039 1936 1077 1971 et
1096 1946 1192 1983 quae
1211 1933 1251 1970 in
1271 1933 1461 1971 locutione
1480 1933 1647 1971 maxime

181 2001 367 2040 notabilia
386 2001 590 2039 videantur
609 2000 648 2037 in
672 2014 750 2038 11110
777 2004 981 2049 conspectu
1008 1999 1147 2037 collata
1175 2012 1449 2036 recenseamus.
1508 1999 1648 2038 Obelos

181 2067 340 2118 praefixi
377 2066 650 2104 vocabulorum
691 2065 826 2103 formis
873 2078 971 2116 quae
1009 2065 1049 2101 in
1097 2064 1316 2102 coniectura
1362 2068 1517 2101 tantum
1563 2077 1648 2102 mea

181 2132 354 2170 alienave
391 2131 596 2177 nituntur;
640 2130 673 2168 si
707 2130 749 2168 in
787 2144 863 2180 quo
895 2130 1069 2180 quidque
1098 2130 1314 2180 fragmento
1342 2129 1562 2168 inveniatur
1589 2143 1648 2168 re-

182 2197 325 2247 quiras,
345 2197 434 2234 vide
454 2196 505 2234 sis
524 2197 729 2233 verborum
748 2195 923 2233 Iudicem
943 2196 993 2233 ad
1012 2195 1155 2233 calcem
1173 2195 1288 2232 huius
1307 2195 1439 2233 libelli.

237 2262 271 2300 I.
302 2262 362 2299 De
390 2261 522 2299 hiatu:
555 2274 674 2307 sumo,
702 2261 767 2298 sed
792 2274 852 2298 res
879 2261 1133 2298 demonstrari
1162 2260 1309 2310 nequit,
1340 2268 1370 2296 N
1401 2262 1650 2308 ἐφελκυστικὸν

182 2328 286 2377 apud
310 2327 555 2364 Heraclitum
583 2339 734 2375 semper
752 2325 926 2363 defuisse.
985 2326 1142 2365 Vocalis
1162 2326 1203 2363 in
1222 2325 1297 2363 fine
1321 2325 1648 2375 praepositionum

183 2394 247 2438 ἐπί,
270 2394 361 2437 κατά,
382 2392 476 2438 μετά,
497 2391 588 2439 παρά
612 2390 842 2440 ubicumque
869 2390 963 2428 elidi
990 2393 1144 2440 poterat
1173 2390 1267 2427 elisa
1295 2393 1377 2436 est;
1408 2403 1460 2435 ac,
1491 2389 1523 2426 si
1553 2389 1648 2427 fides

182 2457 304 2503 libris,
325 2456 476 2506 scripsit
496 2455 719 2493 Heraclitus
740 2455 856 2492 etiam
877 2456 931 2502 ἐφ’
948 2457 1063 2503 ἡμέρῃ,
1086 2456 1156 2491 καθ’
1177 2456 1297 2501 ἡδονήν
1315 2457 1381 2491 κτὲ.
1404 2453 1536 2505 (semel
1557 2467 1648 2492 vero

184 2525 250 2559 ὑπὸ
270 2520 369 2572 ἑνός).
426 2521 476 2558 Ι11
496 2521 579 2571 ipso
608 2521 884 2558 vocabulorum
905 2534 1061 2570 corpore
1088 2520 1250 2558 solutior
1268 2521 1503 2570 syllabarum
1525 2520 1649 2557 forma

183 2600 458 2637 nonnunquam
471 2590 655 2632 servatur,
672 2600 702 2623 e.
711 2599 746 2635 g.
761 2584 864 2632 ἀΐδης,
880 2586 1100 2634 ἀρηιφάτους,
1113 2588 1292 2631 βασιληίη,
1307 2587 1472 2631 ὀνήιστος,
1487 2584 1645 2633 ῒχρηίζῃ,

185 2655 271 2700 νόος,
291 2656 381 2700 φάος
400 2651 484 2703 (sed
504 2653 575 2688 καθ’
594 2652 686 2699 ᾅδην,
707 2650 811 2698 ᾆσμα,
833 2652 959 2698 διᾷδον,
982 2653 1137 2698 συνᾷδον,
1159 2651 1376 2697 ἀνθρώπειος,
1397 2648 1578 2699 μαντεῖον).

240 2718 295 2756 ΙΙ.
335 2718 381 2754 In
419 2730 460 2755 re
497 2716 791 2766 orthographica
824 2716 917 2753 haec
956 2729 1053 2766 quae
1087 2720 1301 2765 sequuntur
1332 2717 1440 2752 Ἰάδος
1476 2715 1650 2765 exempla

186 2786 365 2821 notamus
380 2796 444 2820 :—

296 2865 314 2884 κ
366 2863 408 2880 =
427 2864 453 2884 π
499 2860 506 2884 :
537 2848 606 2892 ὅκη,
628 2849 750 2890 ὁκοῖον,
771 2849 905 2892 ὁκόσον,
926 2846 1010 2883 ὅκως
1029 2849 1094 2883 κτὲ.
1117 2844 1209 2896 (sed,
1232 2845 1264 2882 Si
1290 2843 1404 2882 lectio
1431 2857 1532 2889 sana,
1552 2846 1646 2888 ποτέ,

566 2910 665 2962 πως).

294 2995 312 3014 ν
365 2993 406 3010 =
426 2994 467 3025 γν
498 2991 505 3014 ·.
535 2978 702 3024 γίνεσθαι,
723 2979 913 3024 γινώσκειν.
