1893 3230
768 220 870 249 ΠΕΡΙ
900 218 1081 249 ΦΥΣΕΩΣ.
1607 213 1655 246 45

860 359 994 400 CXV.

194 437 328 487 Κύνες·
351 438 419 483 καὶ
444 436 661 502 βαΰζουσι
687 438 733 484 ὃν
757 436 810 485 ιῗν
832 441 890 493 μὴ
916 441 1174 500 γινώσκωσι.

846 585 1006 626 CXVI.

187 666 394 729 Ἀπιστίῃ
420 666 709 730 διαφυγγάνει
735 668 794 722 μὴ
819 669 1123 728 γινώσκεσθαι.

833 816 1020 858 CXVII.

191 896 326 961 Βλᾶξ
348 896 574 961 ἄνθρωπος
597 898 667 944 ἐπὶ
694 898 828 945 παντὶ
853 899 979 959 λόγῳ
1002 900 1248 953 ἐπτοῆσθαι
1276 900 1436 963 φιλέει.

190 1078 303 1103 nemo
331 1065 378 1102 (16
407 1065 517 1102 nobis
545 1079 645 1103 unus
674 1066 862 1103 excellat:
895 1065 954 1103 sin
972 1066 1072 1116 ,quis
1102 1067 1305 1112 exstiterit,
1335 1067 1409 1104 alio
1439 1066 1479 1104 in
1509 1067 1590 1104 loco
1620 1072 1659 1105 eb

189 1131 293 1180 apud
313 1130 407 1168 alios
427 1131 487 1169 sit.
545 1144 593 1168 an
619 1131 691 1169 hoc
717 1145 793 1168 non
823 1131 878 1169 ita
904 1131 948 1169 fit
968 1132 1073 1169 omni
1103 1132 1143 1169 in
1163 1133 1332 1181 populo?
1363 1145 1489 1169 nonne
1509 1145 1661 1170 omnem

190 1196 502 1246 exsuperantiam
530 1195 688 1234 virtutis
718 1197 909 1234 oderunt?
954 1197 1059 1247 quid,
1089 1197 1297 1243 Aristides,
1332 1197 1661 1235 eta—Musonius

189 1274 246 1311 ap.
278 1261 384 1299 Stob.
408 1261 511 1299 FlOI‘.
533 1262 586 1299 Xl.
611 1275 660 1310 9:
701 1264 820 1310 ὥσπερ
847 1263 1020 1308 Ἀθήνηθεν
1044 1264 1106 1308 μὲν
1134 1262 1229 1314 (scil.
1257 1261 1422 1313 ἐξηλάθη)
1448 1263 1662 1311 Ἀριστείδης

190 1331 208 1364 ὁ
241 1329 380 1370 δίκαιος,
411 1329 450 1373 ἐξ
476 1328 634 1375 Ἐφέσου
663 1329 699 1363 δὲ
726 1328 950 1376 Ἑρμόδωρος,
980 1328 1036 1375 ἐφ’
1068 1326 1096 1378 ᾧ
1123 1330 1178 1364 καὶ
1204 1329 1427 1376 εΗράκλειτος
1455 1329 1506 1364 ὅτι
1533 1331 1663 1377 ἔφυγεν

189 1393 319 1439 ἡβηδὸν
344 1394 500 1429 ἐκέλευεν
517 1393 708 1440 Ἐφεσίους
733 1392 1124 1443 ἀπάγξασθαι-Ἠὼς.
1147 1393 1274 1432 Laerb.
1301 1393 1352 1431 ix.
1378 1406 1397 1430 2
1417 1408 1424 1430 t
1458 1395 1662 1430 καθάπτεται

190 1460 227 1495 δὲ
246 1460 298 1494 καὶ
317 1463 384 1494 τῶν
405 1458 580 1506 Ἐφεσίων
600 1459 654 1494 ἐπὶ
679 1462 726 1508 τῷ
745 1461 803 1495 τὸν
822 1460 954 1506 ἑταῖρον
979 1460 1138 1502 ἐκβαλεῖν
1156 1459 1379 1507 Ἑρμόδωρον,
1401 1461 1436 1495 ἐν
1460 1458 1509 1496 οἷς
1535 1462 1657 1506 φησιν·

180 1525 294 1570 Ἄξιον
312 1525 493 1572 Ἐφεσίοις
519 1525 646 1570 ἡβηδὸν
671 1526 852 1561 ἀποθανεῖν
876 1528 964 1562 πᾶσι
991 1527 1044 1561 καὶ
1066 1528 1138 1563 τοῖς
1163 1525 1301 1571 ἀνήβοις
1325 1526 1385 1571 τὴν
1402 1528 1504 1561 πόλιν
1524 1527 1660 1560 καταλι-

189 1594 274 1637 πεῖν,
304 1590 424 1627 οἵτινες
440 1591 655 1638 Ἑρμόδωρον
680 1592 814 1626 ἑωυτῶν
840 1590 998 1636 ὀνήιστον
1025 1590 1190 1636 ἐξέβαλον
1214 1592 1383 1639 λέγοντες·
1414 1591 1522 1637 ἡμέων
1547 1592 1662 1636 μηδεὶς

190 1653 290 1708 [μηδὲ
320 1655 366 1693 εἷς
390 1655 448 1692 ed.
470 1652 603 1707 Frob]
634 1656 791 1701 ὀνήιστος
817 1657 917 1691 ἔστω·
949 1657 1036 1692 εἶδέ
1062 1672 1112 1693 τις
1140 1659 1302 1698 τοιοῦτος,
1322 1657 1413 1701 ι’ίλλῃ
1442 1672 1479 1692 τε
1508 1657 1561 1691 καὶ
1588 1655 1658 1701 μετ’

188 1720 596 1758 ἅλλων-Ῑ-ὰηὼΙίοΙωε
623 1720 669 1757 (16
689 1720 768 1758 Vit.
790 1719 905 1770 Pyth.
930 1733 991 1769 30,
1012 1734 1049 1770 p.
1070 1730 1142 1768 154
1164 1720 1319 1758 Arcen:
1350 1723 1389 1757 οὐ
1409 1723 1487 1769 γάρ,
1510 1722 1660 1769 καθάπερ

186 1787 410 1835 Ἡράκλειτος
436 1787 587 1834 γράψειν
614 1786 794 1833 Ἐφεσίοις
819 1788 886 1832 ἔφη
911 1787 989 1824 τοὺς
1016 1789 1147 1832 νόμους,
1169 1787 1389 1834 ἀπάγξασθαι
1415 1787 1493 1823 τοὺς
1517 1788 1661 1824 πολίτας

187 1853 315 1899 ἡβηδὸν
334 1852 507 1896 κελεύσας,
530 1852 621 1886 ἀλλὰ
641 1853 724 1897 μετὰ
743 1854 876 1897 πολλῆς
896 1853 1027 1888 εὐνοίας
1046 1854 1099 1887 καὶ
1119 1854 1294 1896 πολιτικῆς
1313 1851 1502 1897 ἐπιστήμης
1521 1852 1660 1897 νομοθε-

187 1921 257 1954 τεῖν
285 1918 512 1965 ἐπεχείρησαν
534 1914 585 1969 [v.
609 1916 807 1966 Kiessling
831 1916 880 1953 ad
904 1914 1199 1968 loc.]-—Respic.
1223 1916 1416 1953 Lucianus
1435 1916 1513 1953 Vit.
1542 1916 1658 1953 Auct.

193 1995 267 2030 14:
306 1985 412 2019 πᾶσιν
441 1983 568 2028 ἡβηδὸν
596 1981 1165 2031 οἰμώζειν-Ρεθηᾶο-Βίοὲθῃθε
1194 1981 1318 2031 Epist.
1355 1983 1415 2028 28,
1445 1983 1492 2018 6:
1533 1983 1660 2028 ἡβηδὸν

188 2049 382 2095 σύμπαντες
400 2048 420 2094 ἢ
442 2050 636 2095 σωφρονεῖν
654 2048 778 2094 μάθετε
798 2048 816 2093 ἢ
839 2049 1051 2095 ἀπάγξασθε.

243 2123 335 2149 CXV.
357 2111 586 2148 Plutarchus
605 2110 669 2148 An
690 2111 771 2149 seni
791 2111 842 2149 Sit
860 2125 938 2161 ger.
954 2125 1053 2161 resp.
1069 2111 1134 2150 Vll.
1157 2125 1194 2162 p.
1213 2113 1307 2161 7872
1338 2112 1356 2147 ὃ
1371 2113 1483 2149 τοίνυν
1496 2113 1660 2160 μέγιστον

188 2179 287 2213 κακὸν
305 2179 447 2224 ἔχουσιν
475 2179 508 2212 αἶ
536 2179 714 2218 πολιτεῖαι,
735 2179 794 2213 τὸν
822 2178 965 2225 φθόνον,
988 2179 1110 2224 ἥκιστα
1139 2179 1334 2225 διερείδεται
1362 2180 1447 2225 πρὸς
1475 2180 1514 2213 τὸ
1542 2181 1657 2226 γῆρας·

189 2243 283 2279 κύνες
301 2244 368 2290 γὰρ
389 2244 440 2278 καὶ
460 2241 648 2286 βαΰζουσιν
667 2242 706 2277 ὃν
725 2243 765 2278 ἂν
782 2244 827 2289 μὴ
847 2245 1043 2291 γινώσκωσι
1063 2243 1135 2279 καθ’
1153 2244 1386 2291 “Ηράκλειτον.

244 2319 355 2345 CXVI.
386 2307 615 2345 Plutarchus
645 2307 784 2345 Coriol.
816 2310 891 2357 38:
923 2309 1014 2344 ἀλλὰ
1042 2313 1109 2344 τῶν
1141 2310 1201 2355 μὲν
1234 2309 1332 2344 θείων
1361 2310 1404 2344 τὰ
1432 2310 1559 2355 πολλά,
1587 2309 1657 2345 καθ’

186 2373 422 2420 (Ηράκλειτον,
463 2374 603 2418 ἀπιστίῃ
642 2375 866 2421 διαφυγγάνει
912 2374 957 2419 μὴ
1004 2373 1494 2422 γιγνώσκεσθαι-0161116118
1540 2371 1657 2411 Alex.

191 2438 333 2476 Strom.
355 2452 391 2476 V.
418 2451 476 2487 13,
498 2451 534 2487 p.
560 2439 636 2487 699
656 2452 662 2475 :
694 2439 786 2474 ἀλλὰ
805 2440 846 2474 τὰ
871 2440 932 2485 μὲν
957 2441 1016 2485 τῆς
1040 2441 1200 2487 γνώσεως
1225 2440 1314 2485 βάθη
1335 2439 1494 2487 κρύπτειν
1519 2440 1659 2486 ἀπιστίη

188 2504 310 2552 ἀγαθή,
330 2504 402 2540 καθ’
421 2504 657 2551 Ἡράκλειτον*
688 2505 829 2549 ἀπιστίη
848 2506 916 2552 γὰρ
936 2506 1161 2552 διαφυγγάνει
1179 2505 1224 2550 μὴ
1243 2505 1509 2552 γιγνώσκεσθαι.

244 2579 372 2606 cxvn.
411 2567 645 2606 Plutarchus
679 2568 725 2606 de
754 2566 966 2606 Audiendo
1002 2577 1034 2617 7,
1066 2582 1103 2618 p.
1135 2581 1212 2615 41:
1252 2571 1310 2605 τὸν
1341 2569 1566 2616 Ἡράκλειτον
1600 2571 1660 2605 οὐκ

189 2634 396 2681 ἐλέγχουσιν
426 2635 574 2678 εἷπόντα,
610 2636 705 2681 Βλὰξ
735 2635 910 2682 ἅνθρωπος
945 2634 999 2671 ἐπὶ
1032 2636 1132 2670 παντὶ
1162 2637 1256 2684 λόγῳ
1294 2635 1480 2680 ἐπτοῆσθαι
1508 2637 1661 2682 φιλεῖ-

190 2698 340 2748 Respic.
369 2699 481 2736 Idem
510 2699 557 2736 de
583 2698 688 2737 Auel.
717 2704 818 2749 poet.
844 2713 880 2748 9,
900 2712 936 2749 p.
963 2701 1009 2736 28
1031 2712 1038 2736 ε
1070 2701 1088 2734 ὁ
1112 2701 1178 2747 γὰρ
1208 2699 1316 2737 οὕτως
1343 2700 1500 2736 ἀπαντῶν
1524 2701 1585 2746 μὲν
1608 2702 1660 2735 καὶ

235 2854 315 2877 CXV.
339 2845 390 2877 καὶ
406 2845 576 2888 βαΰζουσι]
596 2845 833 2886 καταβαῢζουσι
850 2846 1047 2882 Wakefield,
1063 2846 1228 2877 Sebuster.

236 2906 328 2931 CXVI.
352 2897 482 2939 ἀπιστίη
503 2899 676 2930 Clemens:
709 2910 726 2930 e
746 2900 917 2930 Clemente
938 2897 980 2928 τὰ
1003 2898 1060 2938 τῆς
1079 2897 1212 2938 γνὼσιος
1234 2896 1337 2933 βάθεα
1357 2896 1506 2939 κρῦπτειν
1526 2896 1657 2938 ἀπιστίη

191 2949 296 2991 ἇ-γαθή
314 2951 487 2982 Heraclito
504 2951 688 2982 obtrudunt
704 2951 909 2982 Mullachius
924 2950 1082 2982 Sehuster
1097 2950 1229 2990 aliique.
