1893 3230
779 216 884 246 ΠΕΡΙ
913 213 1092 246 ΦΥΣΕΩΣ.
1617 207 1662 242 41

891 389 979 431 CV.

200 505 330 564 Θυμῷ
363 502 587 567 μάχεσθαι
626 504 842 567 χαλεπόν·
893 504 918 548 ὅ
952 524 996 549 τι
1040 501 1130 566 γὰρ
1167 500 1218 547 ἂν
1257 499 1412 566 χρηῖζῃ
1453 501 1666 561 γίνεσθαι,

199 578 348 642 ψυχῆς
382 580 570 625 ω’νέεται.

878 693 992 733 CVI.

197 779 520 843 †'AvOpu'›72-0t0·c
559 782 669 825 πᾶσι
716 779 898 834 μέτεστι
948 781 1205 840 γιγνώσκειν
1252 778 1424 828 ἑαυτοὺς
1469 777 1536 823 καὶ
1585 798 1668 823 σω-

201 856 430 919 φρονεῖνκῐ·

198 1058 277 1099 βίου
296 1056 395 1094 τέλος
415 1056 496 1093 εἶναι
517 1058 569 1092 καὶ
588 1057 647 1102 τὴν
666 1057 733 1092 ἀπὸ
753 1056 873 1102 ταύτης
902 1057 1096 1104 ἐλευθερίαν
1114 1055 1287 1104 λέγουσιν,
1308 1056 1533 1104 Ἡράκλειτον
1554 1056 1590 1091 δὲ
1611 1057 1669 1091 τὸν

197 1119 362 1168 Ἐφέσιον
391 1122 451 1167 τὴν
479 1120 1019 1169 εὐαρέστησιν-Τῇθοᾶοΐθῒυε
1053 1120 1217 1170 Therap.
1248 1121 1300 1167 xi,
1329 1134 1367 1171 p.
1389 1130 1475 1169 152,
1503 1130 1578 1169 25:
1615 1123 1668 1156 καὶ

195 1184 418 1233 (Ηράκλειτος
437 1188 473 1222 δέ
502 1190 520 1222 ὁ
547 1186 713 1234 Ἐφέσιος
740 1187 801 1232 τὴν
827 1188 888 1233 μὲν
915 1186 1152 1234 προσηγορίαν
1179 1187 1358 1233 μετέβαλε,
1380 1188 1439 1232 τὴν
1460 1187 1496 1221 δέ
1523 1187 1670 1222 διάνοιαν

199 1251 456 1288 καταλέλοιπεν·
487 1252 560 1288 ἀντὶ
578 1253 644 1300 γὰρ
664 1255 723 1298 τῆς
742 1253 860 1298 ἡδονῆς
879 1253 1104 1300 εὐαρέστησιν
1122 1253 1280 1289 τέθεικεν.
1311 1254 1377 1289 κτὲ.

254 1326 317 1354 CV.
345 1314 576 1354 Aristoteles
602 1315 695 1354 Eth.
726 1316 812 1353 Nic.
840 1316 878 1353 ii.
912 1330 945 1363 2,
973 1330 1010 1366 p.
1036 1326 1137 1364 1105
1160 1330 1183 1353 α
1206 1319 1227 1354 8
1251 1331 1257 1354 :
1289 1318 1339 1353 ἔτι
1368 1318 1404 1352 δέ
1431 1319 1671 1365 χαλεπώτερον

198 1382 300 1427 ἡδονῇ
319 1383 491 1429 μάχεσθαι
511 1382 529 1427 ἢ
551 1383 656 1432 θυμῷ,
674 1384 823 1430 καθάπερ
851 1385 961 1430 φησὶν
979 1381 1371 1431 Ἠράκλειτος-Ῑᾶθῐᾙ
1391 1382 1483 1420 Eth.
1507 1382 1606 1420 Eud.
1626 1381 1667 1419 ii.

163 1474 165 1476 -
202 1455 235 1494 7,
255 1459 292 1496 p.
318 1459 420 1496 1223
443 1446 463 1484 b
487 1460 532 1484 22
552 1459 560 1484 :
591 1449 678 1483 ἔοικε
703 1449 739 1483 δέ
765 1450 818 1484 καὶ
836 1447 1060 1496 Ἡράκλειτος
1079 1449 1194 1496 λέγειν
1215 1448 1261 1485 εἷς
1280 1448 1340 1494 τὴν
1360 1448 1464 1494 ἰσχὺν
1483 1451 1542 1483 τοῦ
1563 1449 1670 1494 θυμοῦ

198 1513 340 1559 βλέψας
366 1513 418 1548 ὅτι
445 1515 580 1560 λυπηρὰ
610 1514 628 1558 ἡ
658 1516 807 1551 κώλυσις
835 1515 951 1549 αὐτοῦ·
979 1515 1134 1560 χαλεπὸν
1151 1515 1227 1561 γάρ,
1249 1514 1351 1560 φησί,
1374 1514 1468 1562 θυμῷ
1487 1514 1668 1560 μάχεσθαι·

198 1580 318 1625 ψυχῆς
353 1580 419 1626 γὰρ
459 1578 755 1615 &vestae—Idem
794 1578 873 1615 Pol.
894 1591 928 1615 V.
957 1591 1014 1625 ΙΙ,
1045 1591 1081 1627 p.
1109 1588 1210 1626 1315
1241 1592 1266 1615 α
1300 1591 1377 1627 29:
1421 1579 1570 1625 ἀφειδῶς
1603 1580 1669 1626 ’γὰρ

197 1645 324 1679 ἑαυτῶν
352 1645 492 1690 ἔχουσιν
521 1647 552 1680 οἱ
581 1646 635 1680 διὰ
665 1645 769 1690 θυμὸν
797 1646 1056 1691 ἐπιχειροῦντες,
1078 1646 1227 1691 καθάπερ
1257 1645 1310 1679 καὶ
1334 1643 1556 1691 “Ηράκλειτος
1584 1641 1668 1689 εἶπε,

197 1710 352 1756 χαλεπὸν
377 1712 523 1756 φάσκων
549 1707 631 1745 εἶναι
659 1711 752 1759 θυμῷ
771 1711 957 1756 μάχεσθαι·
987 1711 1106 1757 ψυχῆς
1131 1711 1197 1757 γὰρ
1225 1707 1670 1746 &uineae—Plutarchus

199 1773 246 1811 (le
269 1773 403 1812 Cohib.
425 1773 482 1812 ira
503 1788 538 1823 9,
558 1787 595 1823 p.
619 1784 695 1823 457
716 1789 722 1812 :
754 1777 793 1810 τὸ
818 1776 854 1810 δέ
880 1776 915 1810 ἐν
933 1776 1034 1822 ψυχῇ
1057 1777 1184 1820 στῆσαι
1211 1776 1294 1809 κατὰ
1320 1775 1427 1820 θυμοῦ
1446 1777 1608 1821 τρόπαιον
1627 1772 1671 1825 (ᾧ

198 1841 353 1886 χαλεπὸν
381 1837 465 1876 εἶναι
494 1841 735 1887 διαμάχεσθαι,
766 1841 876 1887 φησὶν
904 1840 1138 1887 Ἡράκλειτος·
1168 1839 1188 1874 ὅ
1215 1855 1248 1875 τι
1276 1840 1341 1887 γὰρ
1370 1840 1410 1875 ἂν
1439 1839 1522 1884 θέλῃ
1551 1841 1671 1886 ψυχῆς

200 1903 353 1957 ὠνεῖται)
393 1907 548 1954 μεγάλης
585 1908 661 1943 ἐστὶ
698 1909 751 1943 καὶ
789 1910 953 1953 νικητικῆς
992 1907 1114 1954 ἷσχύος
1151 1904 1294 1957 (locum
1332 1903 1532 1941 Plutarchi
1570 1903 1670 1941 male

198 1969 396 2008 intellexit
414 1970 647 2009 Ammianus
668 1961 838 2010 Mardell.
859 1972 938 2010 xxi.
965 1974 1023 2018 16,
1050 1970 1283 2022 14)—Idem
1304 1970 1412 2008 Erot.
1438 1983 1453 2007 1
1466 1983 1497 2016 1,
1517 1983 1553 2019 p.
1573 1978 1667 2018 755:

197 2039 297 2085 ἔρωτι
317 2039 353 2074 δέ
379 2039 551 2085 μάχεσθαι
569 2041 733 2085 χαλεπόν,
755 2041 794 2075 οὐ
821 2040 914 2088 θυμῷ
935 2039 1005 2074 καθ’
1031 2038 1264 2085 Ἡράκλειτον·
1297 2037 1316 2072 ὅ
1341 2052 1374 2072 τι
1393 2038 1458 2084 γὰρ
1479 2037 1519 2071 ἂν
1538 2035 1669 2081 θελήσῃ

200 2105 254 2139 καὶ
271 2105 391 2151 ψυχῆς
411 2105 541 2140 ὠνεῖται
562 2104 615 2140 καὶ
634 2106 816 2152 χρημάτων
837 2107 890 2140 καὶ
910 2102 1304 2150 &dhe—lamblichus
1324 2101 1516 2151 Protl'epb.
1537 2114 1574 2151 p.
1594 2113 1669 2147 140

200 2166 357 2205 Arcen:
405 2170 534 2216 μάρτυς
560 2173 630 2207 τοῖς
662 2171 840 2216 λεχθεῖσιν
864 2170 1095 2217 (Ηράκλειτοσ
1127 2172 1230 2217 Θυμῴ
1258 2170 1336 2216 γάρ,
1367 2169 1469 2215 φησί,
1498 2168 1670 2214 μάχεσθαι

201 2236 365 2281 χαλεπόν·
387 2235 406 2270 ὅ
424 2250 456 2270 τι
474 2236 540 2283 γὰρ
562 2235 601 2271 ἂν
619 2235 726 2282 χρῄζῃ
742 2236 921 2283 γίγνεσθαι
941 2236 1060 2282 ψυχῆς
1081 2233 1420 2282 ὠνέεται--Βθερία
1436 2231 1669 2269 Plutarchus

201 2366 254 2400 καὶ
281 2366 433 2411 μάλιστα
459 2366 498 2411 δὴ
521 2366 748 2402 Οὐολούσκων
771 2367 995 2412 ἐπιθυμοῦντα
1012 2365 1197 2410 Ῥωμαίους
1225 2365 1337 2409 λαβὴν
1364 2365 1607 2411 παρασχόντας
1634 2364 1671 2398 ἐν

199 2432 292 2478 μέρει
309 2433 483 2474 κολοῦσαι,
501 2433 687 2479 μαρτυρίαν
705 2433 850 2468 ἀπέλιπε
865 2435 912 2481 τῷ
932 2433 1066 2467 εἰπόντι·
1099 2433 1201 2479 Θυμῷ
1220 2431 1392 2476 μάχεσθαι
1406 2431 1570 2476 χαλεπόν·
1600 2429 1619 2465 ὅ
1639 2444 1671 2463 τι

199 2497 266 2544 γὰρ
285 2496 326 2531 ἂν
346 2496 439 2542 θέλῃ,
460 2497 579 2544 ψυχῆς
599 2495 1196 2546 ὠνεῖται-Ρεθαᾶο-Βθωοονίἵαε
1225 2494 1271 2531 fr.
1293 2507 1388 2531 mor.
1412 2502 1457 2541 77
1483 2493 1668 2531 Mullach.

202 2560 343 2599 r—forb.
377 2561 576 2611 Longinus
601 2561 649 2599 de
678 2562 786 2601 Subl.
820 2575 896 2610 44:
931 2564 971 2599 τὸ
1000 2563 1037 2598 δὲ
1065 2563 1102 2598 ἐκ
1131 2562 1257 2598 παντὸς
1286 2559 1469 2608 κερδαίνειν
1497 2560 1671 2606 ὠνούμεθα

201 2628 259 2672 τῆς
277 2629 406 2674 ψυχῆς·

257 2702 336 2729 CVI.
368 2691 556 2731 stobaeus
577 2693 708 2731 Floril.
731 2707 766 2732 v.
795 2706 880 2742 119.

249 2899 300 2922 cv.
324 2889 425 2932 χρήζη
442 2892 495 2923 vel
512 2891 612 2933 χρήζῃ
629 2892 806 2924 Iamblichi
823 2892 897 2924 edd.
956 2895 968 2930 ΙΙ
987 2891 1110 2924 ὂνέεται
1129 2893 1201 2924 cod.
1219 2893 1286 2924 Ciz.
1306 2895 1340 2924 et
1356 2892 1407 2924 ed.
1426 2892 1542 2923 Arcer.
1558 2903 1563 2922 :
1588 2901 1670 2924 corr.

207 2943 402 2974 Vulcanius.
