1893 3230
700 152 910 180 APPENDIX
933 165 990 171 -—
1011 153 1058 182 11.
1559 146 1611 180 67

145 265 198 299 καὶ
217 264 406 311 ἅνθρωπος·
435 265 571 309 αὔξεται
591 266 626 300 ἐκ
646 268 705 301 τοῦ
726 265 914 312 ἐλαχίστου
934 267 968 303 ἐς
987 268 1025 301 τὸ
1044 267 1218 314 μέγιστον,
1240 267 1276 301 ἐκ
1295 269 1362 301 τῶν
1381 266 1614 312 ὑπερεχόντων

144 329 404 376 ἀφαιρούμενος,
432 333 543 366 τοῖσιν
569 330 773 367 ἐλλείπουσι
798 330 1008 378 προστιθείς,
1029 333 1069 367 τὰ
1095 333 1180 379 ξηρὰ
1205 332 1370 378 ὑγραίνων
1396 333 1448 366 καὶ
1466 332 1508 366 τὰ
1528 332 1614 379 ὑγρὰ

144 394 318 440 ξηραίνων.

198 469 304 495 XXII.
336 461 504 506 Κεραμέες
532 461 658 507 τροχὸν
684 461 845 505 δινέουσι,
872 462 925 496 καὶ
944 464 1022 496 οὔτε
1041 463 1162 508 πρόσω
1183 463 1260 496 οὔτε
1280 462 1392 497 ὀπίσω
1412 462 1613 509 προχωρέει,

107 537 124 568 5
146 521 233 575 [καὶ]
283 524 487 573 ἀμφοτέρως
534 522 636 578 [ἅμα]
684 529 744 561 τοῦ
787 526 871 561 ὅλου
914 527 1111 572 ἀπομίμημα
1153 528 1212 571 τῆς
1250 529 1454 574 περιφορῆς·
1501 527 1536 562 ἐν
1578 528 1614 562 δὲ

143 593 190 638 τῷ
228 591 317 638 αὐτῷ
354 591 550 638 ἐργάζονται
589 587 696 643 [εἴδη]
738 591 996 640 περιφερομένῳ
1038 591 1248 637 παντοδαπά,
1287 593 1384 627 οὐδὲν
1421 592 1536 638 ὅμοιον
1574 593 1615 627 τὸ

144 654 259 702 ἕτερον
295 658 342 704 τῷ
379 656 492 705 ἑτέρῳ,
526 657 563 691 ἐκ
599 661 666 692 τῶν
703 658 812 692 αὐτῶν
848 659 961 692 τοῖσιν
998 657 1151 692 αὐτοῖσιν
1179 656 1385 704 ὀργάνοισιν.
1442 658 1614 704 ἅνθρωποι

142 721 247 755 ταύτὰ
275 722 456 768 πάσχουσι
485 723 538 757 καὶ
566 721 678 757 rema
699 725 777 771 ζῷα,
798 723 833 757 ἐν
861 725 901 767 τῇ
930 723 1014 768 αὐτῇ
1042 724 1214 769 περιφορῇ
1232 724 1341 758 πάντα
1361 723 1557 770 ἐργάζονται
1577 723 1614 757 ἐκ

142 789 210 821 τῶν
228 787 338 821 αὐτῶν
357 788 454 823 οὐδὲν
473 787 588 833 ὅμοιον
606 791 718 824 τοῖσιν
737 789 891 823 αὐτοῖσιν
910 787 1116 835 ὀργάνοισιν,
1138 788 1176 833 ἐξ
1195 788 1307 834 ὑγρῶν
1332 787 1418 834 ξηρὰ
1445 789 1616 825 ποιέοντες

86 861 125 883 10
143 853 196 887 καὶ
217 852 253 886 ἐκ
271 856 338 887 τῶν
356 852 466 899 ξηρῶν
485 853 582 900 ὑγρά.

197 927 320 952 XXIII·
364 919 582 964 Γραμματικὴ
615 919 760 954 τοιόνδε·
804 920 992 965 σχημάτων
1032 918 1204 963 σύνθεσις,
1245 920 1369 964 σημεῖα
1406 918 1616 965 ἀνθρωπίνης

142 983 268 1029 φωνῆς,
289 983 426 1029 δύναμις
451 985 492 1019 τὰ
517 986 747 1031 παροιχόμενα
774 986 1016 1029 μνημονεῦσαι,
1037 985 1078 1018 τὰ
1105 984 1244 1028 ποιητέα
1270 984 1436 1028 δηλῶσαι·
1468 984 1510 1018 δι’
1530 985 1615 1019 ἑπτὰ

142 1049 328 1094 σχημάτων
347 1049 366 1094 ἡ
388 1053 522 1096 γνῶσις·
551 1052 655 1084 ταῦτα
675 1050 783 1084 πάντα
809 1049 986 1095 ἅνθρωπος
1006 1048 1258 1095 διαπρήσσεται
1278 1050 1331 1083 καὶ
1352 1051 1370 1083 ὁ
1391 1049 1616 1095 ἐπιστάμενος

141 1115 321 1160 γράμματα
358 1116 411 1149 καὶ
448 1117 466 1149 ὁ
503 1115 548 1160 μὴ
587 1114 822 1159 ἐπιστάμενος.
881 1112 921 1148 δι’
962 1115 1046 1149 ἑπτὰ
1085 1114 1270 1160 σχημάτων
1307 1115 1361 1149 καὶ
1394 1114 1413 1158 ἡ
1452 1113 1614 1159 αἴσθησις

86 1189 122 1221 15
141 1179 317 1228 ἀνθρώπῳ,
339 1180 420 1225 ἀκοὴ
439 1181 582 1227 ψόφων,
603 1180 688 1227 ὄψις
707 1182 873 1227 φανερῶν,
894 1179 948 1226 ῥὶν
968 1180 1082 1225 ὀδμῆς,
1103 1182 1254 1227 γλῶσσα
1273 1179 1392 1224 ἡδονῆς
1412 1181 1465 1214 καὶ
1485 1180 1611 1225 ἀηδίης,

142 1247 253 1291 στόμα
272 1246 460 1291 διαλέκτου,
481 1249 582 1292 σῶμα
606 1245 770 1293 ψαύσιος,
793 1245 919 1292 θερμοῦ
945 1245 964 1291 ἢ
990 1246 1133 1293 ψυχροῦ
1160 1245 1349 1291 πνεύματος
1376 1245 1522 1291 διέξοδοι
1542 1246 1613 1280 ἕσω

141 1312 195 1346 καὶ
214 1312 233 1346 ἕ
255 1327 292 1348 ω.
350 1312 404 1346 διὰ
423 1311 551 1348 τούτων
569 1316 698 1360 γνῶσις
718 1311 960 1359 ἀνθρώποισιν,
982 1311 1144 1359 ἀγνωσίη.

196 1387 312 1414 XXIV.
342 1377 565 1425 Παιδοτριβίη
591 1378 732 1413 τοιόνδε·
763 1378 965 1413 διδάσκουσι
985 1376 1209 1424 παρανομέειν
1238 1377 1321 1411 κατὰ
1341 1379 1451 1421 νόμον,
1473 1375 1616 1411 ἀδικέειν

142 1443 285 1488 δικαίως,
307 1443 484 1489 ἐξαπατᾶν,
511 1444 677 1488 κλέπτειν,
699 1443 869 1490 ἁρπάζειν,
890 1443 1072 1486 βιάζεσθαι
1091 1443 1133 1477 τὰ
1156 1443 1329 1477 κάλλιστα
1357 1443 1409 1476 καὶ
1435 1440 1615 1488 αἴσχιστα·

84 1511 160 1543 206
193 1509 238 1554 μὴ
275 1511 382 1544 ταῦτα
418 1509 541 1545 ποιέων
578 1511 688 1553 κακός,
727 1510 746 1543 ὁ
784 1509 821 1543 δὲ
859 1511 963 1543 ταῦτα
1000 1508 1124 1544 ποιέων
1162 1508 1299 1554 ἀγαθός.
1357 1507 1519 1551 ἐπίδειξις
1550 1510 1617 1542 τῶν

143 1576 285 1610 πολλῶν
312 1574 522 1622 ἀφροσύνης·
559 1575 700 1610 θεῶνται
728 1577 833 1610 ταῦτα
862 1575 916 1609 καὶ
947 1576 1120 1620 κρίνουσιν
1154 1572 1197 1609 ἕν’
1227 1574 1266 1618 ἐξ
1294 1574 1448 1609 ἁπάντων
1476 1572 1616 1619 ἀγαθόν,

143 1640 221 1676 τοὺς
241 1641 276 1674 δέ
296 1640 425 1677 ἅλλους
445 1640 576 1677 κακούς·
605 1641 731 1676 πολλοὶ
751 1641 978 1686 θωμάζουσιν,
996 1639 1108 1687 ὀλίγοι
1126 1642 1368 1686 γινώσκουσιν.
1428 1639 1462 1675 ἐς
1489 1638 1616 1685 ἀγορὴν

142 1705 300 1742 ἐλθόντες
330 1701 536 1757 [ἅνθρωποι]
563 1706 668 1741 ταύτὰ
688 1705 971 1753 διαπρήσσονται·
1001 1706 1219 1749 ἐξαπατῶσιν
1237 1705 1408 1751 ἅνθρωποι
1427 1703 1617 1739 πωλέοντες

143 1771 196 1805 καὶ
215 1770 404 1816 ὠνεόμενοι·
435 1772 453 1805 ὁ
471 1773 620 1807 πλεῖστα
640 1770 856 1816 ἐξαπατήσας
875 1770 972 1807 οὗτος
993 1771 1192 1816 θωμάζεται.
1248 1771 1401 1806 πίνοντες
1421 1770 1474 1804 καὶ
1499 1771 1614 1815 μαινό-

85 1841 123 1874 25
142 1851 236 1882 μενοι
268 1837 372 1871 ταύτὰ
406 1835 687 1883 διαπρήσσονται·
731 1836 907 1883 τρέχουσι,
945 1837 1144 1882 παλαίουσι,
1183 1836 1358 1881 μάχονται,
1399 1835 1616 1876 κλέπτουσιν,

143 1901 367 1946 ἐξαπατῶσιν
398 1899 444 1938 εἷς
483 1902 518 1936 ἐκ
555 1902 690 1938 πάντων
728 1903 886 1949 κρίνεται.
965 1902 1145 1949 ὑποκριταὶ
1184 1896 1274 1953 [καὶ]
1313 1901 1488 1945 ἐξαπάται·
1530 1901 1617 1947 πρὸς

142 1968 270 2004 εἰδότας
288 1967 452 2014 λέγουσιν
471 1967 562 2002 ἄλλα
582 1968 635 2002 καὶ
655 1967 863 2014 φρονέουσιν
879 1967 986 2014 ἔτερα,
1008 1968 1040 2001 οἶ
1059 1967 1154 2002 αὐτοὶ
1174 1966 1357 2013 ἐξέρπουσι
1377 1966 1430 2001 καὶ
1449 1965 1618 2012 ε’σέρπου-

149 2047 208 2067 σιν
227 2033 279 2067 καὶ
299 2033 363 2079 οὐχ
384 2034 415 2068 οἱ
434 2032 539 2068 αὐτοί.
597 2033 645 2068 ἔνι
671 2033 707 2068 δὲ
734 2033 900 2082 ἀνθρώπῳ
928 2033 1020 2067 ἅλλα
1045 2033 1106 2079 μὲν
1123 2033 1239 2080 λέγειν
1257 2032 1350 2067 ἰίλλα
1370 2032 1406 2067 δέ
1425 2034 1543 2073 ποιεῖν,
1565 2032 1619 2066 καὶ

141 2099 200 2133 τὸν
232 2099 334 2133 αὐτὸν
365 2098 410 2143 μὴ
445 2095 527 2133 εἶναι
554 2097 614 2133 τὸν
641 2099 754 2143 αὐτόν,
784 2100 838 2133 καὶ
865 2098 949 2134 ποτὲ
976 2099 1038 2144 μὲν
1065 2098 1177 2144 ἄλλην
1206 2099 1298 2145 ἔχειν
1325 2099 1461 2145 γνώμην
1489 2097 1545 2132 ὁτὲ
1580 2097 1616 2132 δέ

84 2170 125 2201 30
143 2164 260 2209 ἄλλην.
317 2162 404 2198 οὕτω
423 2164 485 2208 μὲν
503 2165 536 2198 αἱ
555 2163 670 2210 τέχναι
689 2166 798 2200 πᾶσαι
817 2167 857 2210 τῇ
878 2164 1070 2211 ἀνθρωπίνῃ
1089 2163 1200 2211 φύσει
1220 2163 1521 2199 ἐπικοινωνέουσιν.

190 2304 203 2325 1
218 2294 269 2326 καὶ
282 2293 331 2325 ΕΘ
348 2306 353 2326 ;
379 2295 435 2325 &L
468 2298 480 2333 Η
516 2303 533 2335 5
550 2293 602 2325 καῖ
618 2293 712 2327 om.0
737 2298 749 2333 ΙΙ
776 2293 963 2335 ἀμφοτέρως
978 2293 1015 2326 θε
1040 2293 1249 2336 ἀμφοτέρωσε
1266 2294 1294 2325 L
1309 2294 1400 2335 vulg.
1431 2297 1443 2332 ΙΙ
1475 2293 1617 2333 ἀπόμιμα

142 2347 199 2387 τῆς
214 2345 410 2387 περιφορῆεθ
427 2364 432 2384 :
458 2347 595 2387 μιμητὴς
605 2347 662 2386 τῆς
678 2347 847 2388 περιφορῆς
861 2347 889 2378 L
907 2358 912 2378 ε
938 2347 1077 2387 μιμητὴς
1093 2346 1256 2388 περιφερὴς
1274 2346 1362 2388 vulg.
1389 2350 1401 2384 Η
1428 2346 1448 2377 6
1466 2344 1532 2386 εἴδη
1549 2357 1613 2378 om.

143 2397 192 2430 Le
210 2403 222 2438 ΙΙ
240 2397 472 2440 περιφερομένῳ
483 2397 531 2430 Lo
548 2410 553 2430 z
578 2398 833 2439 περιφερομένων
847 2399 936 2440 vulg.
958 2403 970 2438 ΙΙ
998 2400 1016 2429 8
1030 2398 1133 2430 ταύτὰ
1146 2399 1317 2430 Ermerins
1334 2409 1340 2429 :
1364 2397 1467 2429 ταῦτα
1480 2398 1509 2429 L
1524 2398 1616 2439 vulg.

144 2454 157 2489 Η
180 2460 216 2492 15
242 2450 391 2492 ἀνθρώπῳ
414 2451 527 2492 scripsi
544 2462 549 2482 ς
574 2452 594 2491 ἡ
611 2450 778 2492 ἀνθρώπων
795 2451 844 2482 L:
869 2450 1033 2492 ἀνθρώπων
1050 2450 1068 2483 θ
1115 2455 1128 2490 ΙΙ
1180 2457 1218 2492 17
1235 2449 1378 2491 ἀγνωσίη
1403 2448 1422 2481 θ
1439 2451 1590 2492 Bernays
1608 2462 1614 2481 :

143 2502 262 2544 ἀγωνίη
286 2503 314 2534 L
337 2503 426 2544 vulg.
490 2507 502 2542 Η
568 2503 606 2534 18
631 2503 830 2544 παιδοτριβίη
855 2502 924 2535 Le:
957 2503 1157 2544 παιδοτρίβαι
1182 2503 1273 2545 vulg.
1335 2507 1347 2542 ΙΙ
1414 2512 1453 2544 19
1476 2502 1527 2533 καὶ
1552 2502 1616 2535 del.

143 2555 307 2596 Bemays:
327 2555 369 2585 τὰ
380 2554 538 2596 αἴσχιστα
551 2554 603 2586 καὶ
614 2554 778 2586 κάλλιστα
795 2554 813 2587 θ
861 2559 874 2594 ΙΙ
926 2565 965 2587 20
981 2555 1135 2596 ἀπόδειξις
1149 2556 1297 2597 Bernays
1344 2559 1356 2593 ΙΙ
1409 2564 1448 2595 23
1463 2553 1615 2595 ἅνθρωποι

144 2610 219 2648 post
240 2607 437 2646 ἐξαπατῶσιν
453 2607 530 2640 add.
545 2608 574 2638 E
590 2619 595 2639 :
621 2618 684 2639 om.
702 2608 730 2639 L
748 2607 838 2650 vulg.
887 2611 899 2646 Η
950 2609 988 2639 28
1005 2607 1057 2639 καὶ
1073 2611 1151 2640 ante
1168 2608 1231 2648 οὐχ
1247 2607 1322 2641 add.
1334 2605 1352 2639 θ
1368 2618 1373 2639 ;
1398 2617 1461 2639 om.
1481 2606 1509 2638 L
1525 2607 1615 2648 vulg.

148 2663 160 2697 ΙΙ
180 2658 224 2690 ἔνι
242 2659 402 2700 Zwinger,
422 2660 570 2701 Bernays
587 2672 592 2691 :
619 2658 665 2692 ἑνὶ
682 2660 711 2691 L
726 2660 817 2702 vulg,
