1893 3230
762 192 866 222 ΠΕΡΙ
895 193 1072 224 ΦΥΣΕΩΣ.
1597 187 1647 222 49

181 301 355 357 δόμοισι
398 304 719 367 λεσχηνεύοιτο,
761 307 810 351 οὔ
854 327 898 352 τι
938 308 1156 367 γινώσκων
1203 306 1320 355 θεοὺς
1367 305 1452 351 οὐδ’
1498 305 1646 369 ἥρωας,

181 377 334 427 οἵτινές
368 379 465 425 εἶσι.

801 495 1030 537 CXXVII.

1289 588 1299 603 ἱ

181 583 244 629 Εἰ
283 584 342 639 μὴ
380 584 471 649 γὰρ
515 587 710 645 Διονύσῳ
751 588 933 641 πομπὴν
972 589 1194 634 ἐποιεῦντο
1231 608 1299 633 και
1340 586 1488 642 ὕμνεον
1525 587 1648 647 ᾆσμα

180 660 228 704 αι’
253 659 400 717 οίοισι,
442 660 739 708 ἀναιδέστατα
787 661 991 726 εἴργαστ’
1030 661 1095 708 ἄν·
1145 661 1275 711 ὡυτὸς
1322 661 1366 708 δὲ
1402 661 1540 716 Ἀ’ίδης
1577 661 1647 707 καὶ

180 734 404 790 Διόνυσος,
429 735 538 794 ὅτεῳ
560 736 787 790 μαίνονται
811 736 881 782 καὶ
902 735 1174 801 ληναΐζουσι.

787 884 1040 926 CXXVIII.

239 973 497 1015 Iambliehus
518 975 568 1016 de
589 974 724 1030 Mys‘c.
747 990 787 1017 v.
815 985 891 1029 15:
925 979 1071 1017 θυσιῶν
1095 975 1226 1017 τοίνυν
1254 977 1382 1027 τίθημι
1415 975 1524 1016 διττὰ
1555 976 1647 1025 εἴδη·

181 1043 229 1083 τὰ
252 1045 325 1094 μὲν
352 1047 429 1084 τῶν
452 1043 831 1096 ἀποκεκαθαρμένων
858 1044 1110 1086 παντάπασιν
1132 1045 1359 1097 ἀνθρώπων,
1384 1045 1448 1084 οἶα
1474 1042 1536 1096 ἐφ’
1562 1043 1650 1086 ἑνὸς

181 1111 229 1152 ἄν
254 1128 350 1152 ποτε
379 1110 532 1164 γένοιτο
561 1112 748 1159 σπανίως,
778 1112 829 1155 ὥς
857 1118 980 1165 φησιν
1007 1111 1282 1165 “Ηράκλειτος,
1304 1112 1328 1163 ἤ
1356 1129 1474 1153 τινων
1503 1112 1651 1164 ὀλίγων

181 1178 444 1231 εὐαριθμήτων
474 1180 636 1231 ἀνδρῶν·
681 1182 729 1220 τὰ
759 1179 792 1221 δ’
825 1181 946 1222 ἔνυλα
978 1181 1040 1222 καὶ
1072 1183 1314 1232 σωματοειδῆ
1346 1181 1408 1222 καὶ
1439 1182 1502 1222 διὰ
1532 1196 1650 1231 μετα-

178 1250 308 1299 βολῆς
338 1247 618 1299 συνιστάμενα,
652 1249 715 1289 οῗα
744 1253 826 1292 τοῖς
857 1248 914 1290 ἔτι
941 1248 1222 1303 «κατεχομένοις
1253 1249 1329 1290 ὑπὸ
1365 1252 1433 1290 τοῦ
1467 1249 1651 1299 σώματος

180 1317 347 1369 ἁρμόζει.

178 1477 239 1523 τὴν
265 1477 490 1522 ἀναισθησίαν
517 1478 735 1522 ὀνειδίζοντος
756 1481 827 1515 τοῖς
853 1479 1040 1526 ἀγάλμασι·
1085 1480 1150 1514 Καὶ
1174 1481 1246 1515 τοῖς
1268 1479 1444 1526 ἀγάλμασι
1462 1478 1652 1514 τουτέοισιν

179 1545 335 1589 εὔχονται
361 1544 472 1578 ὁκοῖον
491 1541 523 1578 εἵ
546 1558 596 1580 τις
625 1544 740 1589 δόμοις
766 1541 1254 1592 λεσχηνεὺοιτο-Οϊὶἕθῑιθε
1274 1556 1303 1580 c.
1327 1542 1421 1581 Cels.
1444 1541 1467 1579 i.
1490 1552 1524 1589 5,
1546 1555 1581 1592 p.
1605 1544 1649 1579 6:

180 1607 216 1642 ἐν
235 1610 305 1644 τοῖς
325 1608 403 1653 ἑξῆς
422 1606 481 1643 οὖν
500 1608 613 1644 θέλων
632 1606 728 1659 (scil.
751 1607 902 1660 Celsus)
923 1610 1004 1644 αὐτὸ
1032 1611 1263 1654 κοινοποιῆσαι
1288 1610 1332 1646 ὡς
1357 1610 1396 1644 οὐ
1421 1613 1557 1656 πρῶτον
1585 1609 1651 1645 ὑπὸ

180 1672 301 1708 τούτου
322 1672 464 1720 εὑρεθέν,
485 1673 649 1709 ἐκτίθεται
667 1673 891 1720 “Ηρακλείτου
918 1673 1014 1718 λέξιν
1041 1674 1101 1720 τὴν
1127 1674 1310 1722 λέγουσαν·
1332 1673 1467 1720 (Ὅμοια,
1489 1675 1533 1711 ὡς
1553 1674 1584 1709 εἰ’
1601 1690 1652 1711 τις·

179 1740 250 1774 τοῖς
276 1739 390 1784 δόμοις
414 1738 669 1785 λεσχηνεύοιτο,
689 1741 797 1774 ποιεῖν
823 1739 902 1775 τοὺς
927 1741 1130 1786 προσιόντας
1159 1739 1203 1775 ὡς
1231 1739 1320 1776 θεοῖς
1347 1741 1418 1775 τοῖς
1445 1739 1651 1786 ἀψύχοις-

180 1802 291 1840 Idem
319 1816 350 1840 c.
379 1802 478 1841 Cels.
497 1801 562 1841 vii.
587 1804 648 1849 62,
669 1816 706 1852 p.
731 1804 807 1851 384
839 1800 875 1853 (e
897 1802 1043 1854 Celso):
1083 1806 1136 1839 καὶ
1164 1804 1229 1849 μὴν
1256 1805 1310 1839 καὶ
1336 1804 1559 1851 Ἡράκλειτος
1587 1804 1655 1839 ὧδέ

179 1884 251 1905 πως
269 1869 505 1915 ἀποφαίνεται·
541 1870 605 1903 Καὶ
624 1871 694 1906 τοῖς
713 1870 888 1916 ἀγάλμασι
914 1869 1104 1905 τουτέοισιν
1122 1872 1289 1916 εὔχονται,
1310 1872 1419 1904 ὁκοῖον
1447 1868 1479 1905 εἴ
1503 1885 1554 1906 τις
1581 1872 1653 1906 τοῖς

180 1936 316 1980 δόμοισι
342 1933 586 1981 λεσχηνεύοιτο
611 1937 652 1969 οὔ
673 1949 706 1970 τι
723 1928 924 1982 γιγνώσκων
952 1934 1050 1971 θεοὺς
1077 1934 1147 1970 οὐδ’
1168 1935 1288 1982 ἥρωας,
1310 1934 1427 1971 οἵτινές
1457 1934 1524 1970 εἶσι
1544 1931 1652 1984 (mox

180 1999 296 2037 etiam
318 2001 380 2047 65,
401 2012 438 2049 p.
462 1997 568 2050 386).

234 2075 392 2102 cxxvn.
421 2063 652 2102 Plutarchus
680 2063 728 2101 de
761 2063 866 2102 Iside
899 2065 958 2111 28,
988 2077 1027 2114 p.
1061 2065 1159 2113 362:
1199 2067 1252 2101 καὶ
1283 2065 1397 2111 μέντοι
1428 2065 1652 2113 Ἡρακλείτου

179 2134 240 2166 τοῦ
273 2133 424 2178 φυσικοῦ
452 2131 622 2178 λέγοντος,
647 2129 765 2175 ’Ἅιδης
798 2131 852 2165 καὶ
885 2132 1050 2167 Διόνυσος
1083 2130 1181 2167 οὗτος
1214 2130 1270 2166 ὅτε
1304 2130 1362 2166 οὖν
1394 2132 1565 2176 μαίνονται
1598 2131 1652 2165 καὶ

180 2198 410 2243 ληραίνουσιν,
449 2197 495 2233 εἷς
532 2194 656 2241 ταύτην
688 2196 859 2243 ὑπάγουσι
896 2196 956 2241 τὴν
993 2197 1106 2242 δόξαν·
1157 2198 1188 2231 οἶ
1225 2197 1292 2244 γὰρ
1329 2197 1501 2241 ἀξιοῦντες
1532 2195 1653 2241 ’Ἃιδην

180 2262 346 2310 λέγεσθαι
364 2263 403 2297 τὸ
423 2265 534 2306 σῶμα,
554 2263 612 2306 τῆς
631 2262 749 2308 ψυχῆς
773 2259 843 2296 οἷον
865 2261 1155 2308 παραφρονούσης
1183 2263 1236 2297 καὶ
1263 2261 1456 2307 μεθυούσης
1485 2262 1521 2297 ἐν
1548 2262 1652 2309 αὐτῷ,

179 2329 358 2375 γλίσχρως
385 2325 854 2374 ἀλληγοροῦσι-(3161116118
880 2325 990 2363 Alex.
1021 2325 1213 2375 Protrept.
1245 2338 1278 2373 2,
1307 2339 1345 2376 p.
1370 2338 1437 2374 30:
1474 2327 1651 2372 ὑπόμνημα

180 2397 240 2430 τοῦ
259 2394 389 2430 πόθους
407 2393 528 2429 τούτου
546 2395 710 2439 μυστικὸν
729 2395 861 2440 φαλλοὶ
888 2394 970 2428 κατὰ
988 2396 1107 2430 πόλεις
1134 2394 1328 2429 ἀνίστανται
1348 2393 1516 2442 Διονύσῳ·
1546 2394 1587 2428 El
1605 2394 1651 2439 μὴ

180 2461 247 2507 γὰρ
276 2458 434 2508 Διονύσῳ
466 2458 602 2504 πομπὴν
634 2459 810 2494 ἐποιοῦντο
841 2457 895 2495 καὶ
926 2457 1048 2504 ὕμνεον
1077 2456 1174 2505 ᾆσμα
1207 2459 1396 2504 αἰδοίοισιν,
1427 2459 1651 2494 ἀναιδέστατα

181 2524 369 2573 εἴργασται,
389 2525 500 2572 φησὶν
516 2524 751 2571 Ἱ-Ιριίκλειτος·
787 2525 894 2561 ωὐτὸς
914 2525 950 2559 δέ
969 2522 1084 2570 Ἀίδης
1103 2526 1156 2560 καὶ
1177 2526 1355 2569 Διόνυσος,
1377 2524 1460 2573 ὅτεῳ
1479 2524 1652 2571 μαίνονται

181 2591 234 2626 καὶ
252 2587 479 2635 ληναΐζουσιν,
500 2590 538 2624 οὐ
558 2590 612 2625 διὰ
630 2591 690 2636 τὴν
708 2588 812 2636 με’θην
830 2592 891 2625 τοῦ
911 2591 1079 2636 σώματος,
1101 2591 1146 2627 ὡς
1165 2590 1232 2637 ἐγὼ
1259 2587 1360 2637 οἶμαι,
1381 2593 1547 2626 τοσοῦτον
1565 2590 1651 2626 ὅσον

183 2655 238 2690 διὰ
257 2655 318 2700 τὴν
337 2655 568 2691 ἐπονείδιστον
586 2657 645 2701 τῆς
663 2655 846 2703 ἀσελγείας
867 2654 1092 2703 ἱεροφαντίαν.

226 2816 360 2840 CXXVH.
385 2807 550 2840 ἐποιοῦντο
565 2808 673 2850 vulg:
705 2808 869 2840 ἐποιεῦντο
890 2809 1026 2840 Lobeck
1073 2811 1085 2847 ΙΙ
1100 2807 1243 2852 ᾄσματα,
1267 2807 1288 2841 ἃ
1312 2807 1477 2840 αἰδοίοισιν
1508 2807 1654 2839 Dindorf

186 2863 200 2902 ῃ
226 2859 264 2891 ἂν
291 2859 468 2891 ἀϊκέστατα
494 2863 624 2892 mutata
646 2860 915 2902 interpunctione
941 2861 1078 2893 Lobeck
1125 2864 1137 2900 Η
1164 2859 1326 2902 εἴργασται
1355 2860 1464 2902 vulg.:
1505 2858 1649 2900 εἴργαστ’

182 2911 220 2943 ἅν
236 2911 533 2944 Schleiermacher:
561 2911 713 2953 εἴργαστο
730 2913 875 2945 Lobeck.

902 2976 927 3004 E
