1893 3230
762 243 1000 273 PRAEFATIO.
1538 226 1611 266 xiii

205 393 279 432 VI.
310 393 359 430 In
379 394 651 431 vocabulorum
671 392 780 442 copia
799 406 864 428 :—

205 459 425 506 ἀγχιβασίην,
468 459 595 504 ἀέναος,
634 457 740 503 ἀντία,
779 458 901 501 ἀντίον,
940 457 1106 503 ἀντίξουν,
1147 457 1284 501 ἀοιδοῖς,
1323 456 1446 492 ἄποτος
1482 454 1613 503 (sensu

149 522 330 574 passivo),
351 525 569 571 ἀρηιφάτους,
588 526 675 569 βιός,
695 526 841 571 γνώμας,
862 523 988 568 δαίμων
1017 521 1223 572 (εδαὴμων
1240 534 1247 557 :
1278 534 1312 558 v.
1335 519 1473 568 Bergk.
1494 519 1614 556 Exer-

151 589 233 627 citt.
254 588 338 626 crit.
359 601 456 638 spec.
478 589 525 626 vi.
546 601 582 638 p.
611 587 686 637 10)‚
713 589 819 633 ἔδειξε
843 585 1182 637 (ἶοὶ’ῒ·.Ξάνέδειξε),
1210 588 1350 632 δίζημαι,
1378 588 1614 632 δοκιμώτατος,

150 656 257 701 δόμοι,
278 655 488 702 ἐγκυρέουσι,
513 655 684 698 ἕλπονται,
712 653 769 700 ἐφ’
789 653 904 700 ἡμέρῃ,
935 653 1132 688 ἐπίστανται
1161 649 1434 703 (ενομίζουσι),
1455 653 1614 698 εὐφρόνη,

151 722 257 765 ζώειν,
291 720 427 764 ἡβηδόν,
461 718 561 765 ἡδονή
594 718 724 769 (sensu
759 716 1016 766 Anaxagoreo
1051 715 1252 766 positum),
1288 717 1430 763 θέρεται,
1464 714 1615 762 ἵστορας,

152 786 313 832 ἱστορίην,
336 785 540 831 καρφαλέον,
563 786 766 831 κεκόρηνται,
787 781 1041 829 λεσχηνεύοιτο,
1063 783 1178 829 μόρος,
1199 781 1320 826 νέκυες,
1349 783 1458 827 ξυνός,
1486 780 1615 826 ὅμιλος,

152 849 319 895 ὀνήιστος,
361 850 518 897 πρηστὴρ
562 850 691 899 (sensu
739 846 885 897 antiq),
931 849 1099 892 σκίδνησι,
1138 848 1295 894 τέρματα,
1333 848 1446 894 φάτις,
1485 846 1615 893 χρηίζῃ,

152 915 388 962 χρησμοσύνη.

206 978 348 1017 Insunt
367 983 565 1029 praeterea
594 978 633 1014 in
663 977 887 1027 fragmentis
916 976 1128 1015 locutiones
1158 989 1263 1026 quas,
1291 978 1335 1013 ut
1363 976 1403 1012 in
1432 975 1618 1024 scriptore

153 1047 234 1082 tam
263 1044 433 1094 antiquo,
456 1047 611 1082 enotare
641 1043 777 1080 liceat:
816 1041 1035 1092 potissimas
1066 1041 1204 1079 harum
1237 1040 1381 1079 subicio
1398 1041 1616 1078 ;-ιίκαλλώ-

152 1126 270 1157 πιστα,
291 1111 529 1158 ἀκριβέστεροι
549 1108 606 1160 <in
626 1109 673 1146 fr.
695 1106 898 1157 suspecto),
919 1109 1130 1154 ἀλλοιοῦται,
1151 1107 1330 1154 ἀμύριστα,
1352 1106 1617 1154 ἀνεξερεύνητον,

153 1175 341 1223 ἀνιερωστί,
362 1175 666 1220 ἀποσβεννύμενον,
693 1171 798 1220 ᾆσμα,
825 1174 950 1220 διᾷδον,
979 1173 1143 1220 διαιρέων,
1171 1174 1406 1220 διαφυγγάνει,
1433 1173 1618 1219 διηγεῦμαι,

154 1241 312 1288 Ῠέγερτί,
343 1241 593 1287 ἐκβλητότεροι,
623 1240 913 1286 ἐπιπορευόμενος,
935 1238 1194 1287 ἰσχυρίζεσθαι,
1224 1237 1449 1283 κακοτεχνίην,
1480 1238 1618 1281 κόσμος,

153 1308 260 1351 λῆναι,
281 1303 487 1350 ληναΐζουσι,
507 1306 623 1352 λόγος,
647 1306 759 1352 μάγοι,
789 1307 957 1349 μυεῦνται,
987 1302 1128 1349 μύστης,
1158 1302 1340 1349 μυστήρια,
1369 1303 1480 1347 νόμος,
1511 1317 1618 1337 νυκτι-

153 1375 268 1418 πόλοι,
299 1372 504 1420 ὁμολογέειν,
536 1372 720 1418 ὀσμῶνται,
748 1372 941 1417 πεσσεύων,
975 1371 1180 1417 πολυμαθίη,
1215 1371 1432 1418 συγγραφάς,
1463 1370 1619 1416 συνᾷδον,

157 1440 393 1485 φιλοσόφους,
413 1438 532 1484 φύσις,
553 1438 636 1473 κατὰ
655 1436 775 1485 φύσιν,
797 1438 978 1483 φρόνησιν.
1036 1434 1187 1483 Quibus
1207 1434 1368 1472 fortasse
1388 1436 1479 1472 sunt
1504 1433 1621 1472 etiam

156 1502 231 1540 alia
250 1502 425 1540 addenda
444 1501 477 1539 si
497 1501 669 1539 Indicem
688 1501 894 1539 verborum
913 1501 1069 1539 adtente
1089 1500 1338 1550 perspexeris.

211 1567 394 1617 Superest
413 1571 458 1606 ut
477 1567 664 1606 eximium
683 1566 780 1604 illud
800 1567 903 1617 quod
923 1566 1013 1604 huic
1033 1566 1162 1604 libello
1182 1565 1338 1603 accessit
1354 1568 1621 1602 ornamentum

156 1632 426 1671 demonstrem.
484 1633 586 1670 Nam
606 1632 767 1671 Iacobus
787 1632 1028 1682 Bernaysius,
1050 1632 1160 1670 cuius
1185 1630 1356 1681 pluriens
1383 1630 1459 1667 iam
1485 1630 1526 1667 in
1551 1629 1623 1667 hac

156 1698 392 1748 praefatione
412 1697 646 1735 mentionem
666 1697 748 1742 feei,
770 1711 841 1748 pro
862 1711 906 1736 ea
924 1711 1000 1747 qua
1019 1701 1076 1735 est
1096 1709 1244 1746 semper
1263 1709 1352 1746 erga
1372 1709 1432 1733 me
1448 1695 1622 1732 humani-

156 1766 238 1802 tate
271 1763 464 1813 inceptam
502 1763 600 1801 hanc
639 1776 794 1812 operam
827 1763 983 1802 hortatu
1022 1765 1062 1800 et
1100 1761 1257 1801 consilio
1292 1766 1348 1800 est
1386 1763 1621 1812 prosecutus,

159 1829 374 1867 absolutam
394 1833 524 1866 autem
544 1833 582 1866 et
609 1841 649 1866 re
676 1828 851 1866 adiuvit:
883 1832 928 1866 ut
948 1827 1048 1866 vidit
1076 1828 1179 1866 enim
1207 1827 1312 1878 apud
1340 1839 1409 1865 nos
1438 1826 1624 1864 nonnulla

158 1893 286 1932 deesse
314 1898 383 1931 aut
418 1893 560 1931 iniuria
594 1893 732 1940 abesse,
762 1893 809 1931 de
841 1892 901 1930 his
935 1906 995 1931 me
1028 1892 1239 1939 admonuit,
1274 1892 1491 1930 desiderata
1523 1891 1623 1928 indi-

158 1959 272 2006 cavit,
302 1959 587 1997 accommodare
616 1962 748 1997 nostro
776 1957 883 2010 operi
913 1962 951 1996 et
980 1971 1049 1996 suo
1078 1957 1247 2009 quidque
1276 1957 1316 1995 in
1345 1958 1429 1996 loco
1458 1957 1624 1995 inserere

158 2024 344 2074 permisit.
403 2024 517 2073 Quod
547 2027 654 2073 δῶρον
682 2026 718 2061 ἐκ
742 2029 892 2062 Μουσῶν
920 2037 997 2074 quo
1021 2023 1263 2062 manifestius
1293 2023 1486 2074 adpareat,
1516 2022 1624 2061 addi-

158 2092 330 2128 tamenta
359 2103 403 2129 ea
435 2089 589 2128 nomine
626 2089 748 2140 ipsius
787 2089 981 2140 adscripto
1013 2089 1155 2140 ubique
1194 2089 1297 2140 apud
1334 2102 1403 2126 nos
1440 2087 1625 2137 insignita

160 2155 343 2194 invenies.

216 2220 392 2271 Denique
423 2223 630 2271 antequam
660 2220 709 2258 ad
743 2220 960 2258 coronidem
994 2220 1145 2259 veniam
1184 2220 1291 2257 iuvat
1323 2218 1476 2257 honoris
1514 2231 1626 2256 causa

161 2285 359 2324 nominare
377 2299 465 2323 eum
485 2285 552 2335 qui
571 2285 745 2336 plagulas
773 2285 1022 2336 perlegendas
1047 2286 1182 2324 duram
1210 2284 1446 2336 provinciam
1474 2283 1626 2321 amicis-

161 2351 256 2389 sime
275 2349 450 2401 suscepit,
472 2350 654 2389 Falconer
674 2350 827 2397 Madau,
850 2350 945 2390 Coll.
967 2351 1065 2392 Aen.
1085 2351 1177 2390 Nas.
1200 2350 1370 2398 socium3
1400 2348 1461 2388 cui
1480 2347 1627 2400 gratias

162 2415 282 2454 habeo
301 2428 450 2467 agoque
468 2418 512 2454 ut
531 2428 600 2466 par
619 2419 677 2454 est
696 2415 894 2455 maximas.

250 2530 436 2562 Scribebam
456 2529 577 2562 Oxonii

337 2595 379 2617 m.
398 2584 563 2617 Ianuario
583 2585 678 2627 1877.
