1893 3230
768 217 978 246 API’ENDIX
1002 229 1058 235 -—
1080 219 1119 246 V.
1629 213 1672 247 71

904 378 983 416 III.

267 462 434 498 Βασιλεὺς
455 465 597 508 Δαρεῖος
615 462 804 509 Ἐφεσίοις.
862 463 963 508 Ἀνὴρ
993 463 1118 509 ἀγαθὸς
1145 464 1233 510 μέγα
1261 464 1387 510 ἀγαθὸν
1414 466 1525 499 πόλει·
1564 466 1682 511 λόγοις

210 527 325 563 καλοῖς
354 528 407 562 καὶ
437 529 549 572 νόμοις
577 528 697 574 ψυχὰς
725 527 854 574 ἀγαθὰς
880 530 970 563 ποιεῖ
997 527 1133 574 καιρίως
1161 529 1252 575 ἶίγων
1283 529 1331 565 εἷς
1359 529 1479 576 ἀγαθά.
1524 530 1616 575 ὑμεῖς
1645 530 1681 565 δέ

207 591 423 640 Ἑρμόδωρον
446 594 485 627 οὗ
510 596 613 638 μόνον
641 593 752 628 αὑτῶν
780 593 976 637 βέλτιστον,
998 593 1089 628 ἀλλὰ
1119 595 1170 629 καὶ
1190 593 1309 629 Ἰώνων
1335 596 1471 630 πάντων
1499 595 1682 639 ἐξεβάλετε

209 658 246 692 ἐκ
264 659 437 704 πατρίδος,
458 659 606 705 αἷσχρὰς
634 658 742 695 αἰτίας
770 659 870 705 ψυχῇ
900 659 1009 705 ἀγαθῇ
1033 660 1301 706 προσάπτοντες.
1336 661 1366 694 εἷ
1384 661 1446 705 μὲν
1465 659 1524 695 οὖν
1542 661 1680 708 διεγνώ-

171 734 188 765 5
209 738 287 758 κατε
315 725 459 765 βασιλεῖ
484 725 646 769 πολεμεῖν
674 724 835 769 δεσπότῃ,
870 725 1328 770 ἑτοιμάζεσθε-ἀποστελῶ
1363 726 1429 772 γὰρ
1459 727 1631 772 στρατιάν,
1659 723 1682 771 ᾗ

208 788 302 834 ὑμεῖς
321 788 570 834 οὐ.δυνήσεσθε
590 789 871 826 ἅντιτάσσεσθαι·
912 790 1058 837 αἰσχρὸν
1076 791 1143 838 γὰρ
1163 793 1306 833 βασιλεῖ
1326 792 1466 839 μεγάλῳ
1486 792 1531 836 μὴ
1551 791 1682 838 ἀρκέειν

208 855 411 900 φίλοις-εἷ
431 856 468 890 δέ
486 855 590 900 μηδὲν
608 858 760 890 τοιοῦτον
779 856 1000 902 ἐγχειρίσετε,
1023 856 1187 900 κατάξατε
1206 856 1423 903 Ἑρμόδωρον
1451 858 1504 892 καὶ
1533 857 1681 892 ἀπόδοτε

208 921 298 969 αὐτῷ
329 921 488 970 πατρῴαν
527 923 655 966 κτῆσιν,
689 921 950 967 μνημονεύοντες
978 921 999 956 ἃ
1033 922 1117 967 ὑμᾶς
1155 923 1282 957 ἐκείνου
1317 923 1425 967 εὐνοίᾳ
1459 923 1680 969 εὐηργέτησα,

208 987 340 1032 φόρους
359 988 522 1024 ἐλάττους
541 988 646 1031 τάξας
672 988 717 1022 ὧν
742 988 884 1034 ἐφέρετε
909 988 962 1021 καὶ
987 989 1050 1034 γῆν
1077 988 1211 1032 πολλὴν
1239 988 1317 1024 δοὺς
1344 989 1430 1034 πρὸς
1448 984 1471 1032 ᾗ
1487 987 1680 1032 ἐκέκτησθε.

151 1058 190 1081 10
209 1052 255 1086 ὧν
273 1053 334 1087 οὐκ
354 1053 483 1087 ἐοίκατε
502 1053 603 1099 χάριν
628 1053 792 1099 ὀφείλειν
824 1054 862 1087 οὐ
881 1054 947 1099 γὰρ
967 1053 1007 1087 ἶίν
1025 1068 1108 1088 ποτε
1127 1053 1343 1100 Ἑρμόδωρον
1371 1054 1477 1100 φίλον
1505 1054 1682 1096 βασιλέως

207 1117 477 1164 ε’φυγαδεύσατε.
518 1118 746 1153 ἀποστείλατε
776 1117 835 1153 οὖν
862 1118 984 1165 ἄνδρας
1011 1119 1089 1155 τοὺς
1118 1119 1274 1165 ἐροῦντας
1300 1121 1386 1164 πρός
1413 1134 1456 1163 με
1483 1120 1523 1154 τὸ
1552 1119 1680 1154 δίκαιον

207 1183 292 1229 ὑπὲρ
321 1183 366 1218 ὧν
394 1183 566 1230 ἐγκαλεῖτε
595 1181 811 1231 Ἕρμοδώρῳ,
840 1181 880 1218 ἵν’
911 1184 968 1218 ἐὰν
995 1184 1057 1228 μὲν
1084 1183 1208 1220 ἐκεῖνος
1242 1183 1417 1229 ἐπιδειχθῇ
1446 1185 1678 1231 κακοφρονῶν,

207 1248 396 1293 ἐπιτιμηθῇ,
416 1248 473 1283 ε’ὰν
492 1248 528 1283 δέ
548 1249 650 1294 ὑμεῖς,
673 1249 727 1283 ἐπὶ
749 1251 826 1284 νοῦν
845 1249 1006 1289 βελτίονα
1033 1249 1139 1294 θῶμαι
1166 1251 1219 1284 καὶ
1245 1248 1292 1285 εἷς
1317 1250 1356 1283 τὸ
1382 1250 1504 1284 λοιπὸν
1529 1250 1677 1296 ἁμαρτά-

207 1328 274 1349 νειν
293 1313 438 1349 κωλύσω
459 1314 506 1350 εἷς
524 1313 670 1361 ἀγαθοὺς
692 1314 826 1361 ἄνδρας.
867 1315 920 1349 καὶ
938 1315 1004 1361 γὰρ
1030 1315 1172 1355 βασιλεῖ
1197 1315 1347 1363 ὑμετέρῳ
1374 1314 1546 1361 συμφέρει
1572 1317 1677 1350 ταῦτα

147 1386 186 1418 Ῑ5
206 1380 259 1414 καὶ
280 1379 366 1425 ὑμῖν.
398 1375 598 1432 [ἔρρωσθε]

906 1488 974 1526 IV.

259 1570 480 1617 Ἡράκλειτος
497 1572 712 1621 Ἐρμοδὼρῳ.
763 1572 856 1617 ”Ηδη
876 1572 992 1617 μηκέτι
1011 1574 1082 1607 τοῖς
1107 1572 1227 1606 ἑαυτοῦ
1253 1570 1447 1617 χαλέπαινε,
1468 1570 1674 1617 Ἑρμόδωρε.

207 1637 382 1682 Εὐθυκλῆς
406 1639 424 1671 6
450 1639 672 1684 Νικοφῶντος
699 1641 759 1673 τοῦ
789 1637 1005 1682 συλήσαντος
1032 1637 1225 1684 προπέρυσι
1252 1637 1313 1681 τὴν
1341 1637 1416 1672 θεὸν
1444 1636 1607 1678 ἀσεβείας
1634 1651 1678 1681 με

206 1703 404 1749 γέγραπται,
426 1703 530 1750 ἶίνδρα
559 1704 669 1750 σοφίᾳ
697 1706 892 1750 προῦχοντα
919 1703 1120 1748 ἀπαιδευσίᾳ
1149 1706 1257 1746 νικῶν,
1279 1703 1324 1738 ὣς
1349 1702 1401 1738 ὅτι
1427 1702 1610 1749 ἐπέγραψα
1629 1704 1678 1749 τῷ

204 1770 321 1816 βωμῷ,
342 1765 370 1816 ᾧ
396 1768 581 1814 ἐφέστηκα,
600 1771 639 1804 τὸ
662 1769 742 1814 ε’μὸν
770 1769 883 1813 ὄνομα,
913 1768 1078 1803 θεοποιῶν
1105 1767 1283 1814 ἄνθρωπον
1312 1767 1391 1802 ὅντα
1421 1767 1576 1812 ε’μαυτόν.
1606 1764 1679 1802 εἶτα

146 1844 187 1866 20
205 1832 406 1880 κριθήσομαι
435 1835 501 1869 ὑπὸ
531 1834 682 1876 ἀσεβοῦς
711 1835 746 1869 ἐν
773 1834 931 1874 ἀσεβέσι.
976 1832 1012 1868 τί
1043 1832 1115 1878 οἴει,
1146 1833 1234 1877 δόξω
1268 1833 1381 1870 αὐτοῖς
1414 1832 1562 1874 εὐσεβὴς
1594 1829 1678 1867 εἶναι

204 1898 334 1934 ἐναντία
353 1901 490 1946 φρονῶν
510 1896 559 1936 οἷς
579 1900 673 1934 αὐτοὶ
692 1900 769 1947 περὶ
797 1899 881 1934 θεῶν
910 1899 1126 1945 νομίζουσιν;
1157 1898 1186 1933 εἷ
1205 1898 1260 1933 καὶ
1287 1897 1521 1944 πεπηρωμένοι
1550 1898 1678 1944 ἔκρινον

204 1964 298 2012 ὄψιν,
318 1966 518 2011 τυφλότητα
537 1965 576 1999 ἂν
596 1965 718 2011 ἕλεγον
746 1965 806 2009 τὴν
835 1964 966 2011 ὅρασιν.
996 1964 1075 1999 ἀλλ’
1097 1964 1123 1998 ὦ
1149 1964 1289 2009 ἀμαθεῖς
1317 1963 1499 2009 ἅνθρωποι,
1521 1963 1678 2006 διδάξατε

202 2034 338 2076 πρῶτον
366 2030 451 2075 ἡμᾶς
478 2029 515 2065 τί
542 2031 638 2065 ε’στιν
666 2033 684 2065 ὁ
714 2031 799 2075 θεός,
833 2029 885 2065 ’ἵνα
913 2030 1056 2072 ἀσεβεῖν
1088 2029 1248 2076 λέγοντες
1279 2028 1503 2074 πιστεύησθε.
1551 2031 1617 2064 ποῦ
1647 2027 1677 2062 δ’

203 2095 299 2131 ἐστὶν
317 2098 335 2130 ὁ
355 2097 453 2136 θεός,·
483 2096 518 2131 ἐν
536 2099 608 2132 τοῖς
628 2098 717 2132 ναοῖς
736 2095 1064 2141 ἀποκεκλεισμένος;
1099 2096 1255 2137 εὐσεβεῖς
1282 2110 1323 2142 γε
1352 2093 1383 2130 οἳ
1412 2094 1446 2129 ἐν
1475 2096 1590 2129 σκότει
1618 2095 1678 2128 τὸν

145 2163 184 2196 ²5
205 2160 282 2196 θεὸν
310 2161 450 2208 ἱδρύετε.
495 2162 671 2208 ἅνθρωπος
698 2162 869 2208 λοιδορίαν
897 2163 1053 2206 ποιεῖται,
1073 2161 1201 2197 λίθινος
1221 2161 1250 2195 εἷ
1268 2160 1418 2207 λέγοιτο,
1440 2160 1516 2196 θεὸς
1536 2160 1571 2195 δέ
1591 2160 1675 2204 ἀλη-

204 2225 345 2270 θεύεται,
375 2224 402 2275 ᾧ
429 2229 529 2261 τοῦτο
557 2228 596 2261 τὸ
627 2226 891 2273 ε’φνμνούμενον,
921 2227 957 2260 ἐκ
987 2230 1139 2272 κρημνῶν
1166 2228 1344 2272 γεννᾶται,·
1379 2225 1586 2269 ἀπαίδευτοι,
1616 2225 1676 2259 οὐκ

202 2289 278 2327 ἰ’στε
298 2292 349 2327 ὅτι
369 2293 428 2326 οὐκ
448 2293 522 2327 ἔστι
547 2292 623 2328 θεὸς
647 2294 878 2339 χειρόκμητος,
902 2291 979 2326 οὐδὲ
1006 2292 1044 2335 ἐξ
1069 2291 1177 2338 ἀρχῆς
1201 2293 1308 2333 βάσιν
1326 2292 1409 2337 ἕχει,
1430 2291 1506 2326 οὐδὲ
1527 2291 1598 2336 ἕχει
1619 2290 1677 2325 ἕνα

202 2358 398 2404 περίβολον,
419 2358 497 2392 ἀλλ’
517 2358 598 2394 ὅλος
618 2361 636 2392 ὁ
655 2360 782 2402 κόσμος
801 2358 892 2406 αὐτῷ
913 2359 989 2394 ναός
1010 2358 1086 2393 ε’στι
1106 2359 1201 2401 ζώοις
1228 2359 1281 2392 καὶ
1306 2358 1428 2403 φυτοῖς
1453 2357 1505 2391 καὶ
1534 2356 1677 2403 ἶίστροις

202 2424 482 2468 πεποικιλμένος;
527 2429 724 2458 ΗΡΑΚΛΕΙ
758 2423 941 2470 ἐπέγραψα
973 2429 1048 2458 ΤΩΙ
1081 2428 1262 2457 ΕΦΕΣΙΩῙ
1293 2423 1353 2457 τὸν
1385 2423 1505 2468 βωμὸν
1536 2423 1676 2456 πολιτο-

146 2507 186 2539 30
202 2491 348 2536 γραφῶν
376 2490 452 2534 ὑμῖν
479 2491 537 2524 τὸν
566 2490 652 2533 θεὸν,
684 2491 748 2536 οὐχ
779 2494 1065 2526 ΗΡΑΚΛΕΙΤΩΙ.
1103 2489 1143 2525 ἂν
1166 2489 1205 2533 δὴ
1235 2489 1328 2533 ὑμεῖς
1357 2489 1538 2532 ἀξυνετῆτε
1565 2489 1676 2534 γράμ-

201 2570 302 2600 ματα,
322 2556 382 2590 οὐκ
411 2555 472 2600 ε’μὴ
501 2555 644 2597 ἀσέβεια
671 2557 711 2590 τὸ
739 2556 831 2601 ὑμῶν
858 2555 1070 2590 ἀπαίδευτον·
1100 2555 1283 2600 μανθάνετε
1305 2554 1434 2599 σοφίην
1453 2554 1506 2588 καὶ
1528 2553 1675 2588 συνίετε.

203 2620 282 2656 ἀλλ’
303 2622 342 2656 οὐ
362 2621 492 2666 θέλετε,
514 2620 584 2657 οὐδ’
605 2622 671 2668 ἐγὼ
691 2621 876 2669 ἀναγκάζω.
906 2623 1031 2668 γηρᾶτε
1058 2621 1124 2656 σὺν
1150 2621 1354 2666 ἀπαιδευσίᾳ
1378 2621 1554 2667 χαίροντες
1581 2619 1677 2655 ἶδίοις

250 2784 288 2816 13
315 2774 469 2810 βελτίονα
493 2776 544 2807 Β;
579 2775 715 2810 βέλτιον
739 2775 830 2816 vulg.
877 2778 890 2813 ΙΙ
940 2784 980 2817 19
1010 2771 1034 2815 ᾧ
1060 2773 1224 2815 ἔφέστηκα
1252 2774 1304 2805 Β;
1338 2773 1374 2805 οὗ
1399 2773 1564 2815 ἐπέστησα
1584 2774 1676 2815 vulg.

205 2833 217 2867 ΙΙ
240 2837 279 2859 20
295 2832 369 2869 post
385 2828 520 2862 ἀσεβέσι
538 2829 613 2859 add.
632 2826 783 2862 ἀσεβείας
798 2828 827 2858 Β
861 2832 873 2866 Η
911 2837 945 2858 21
966 2825 1195 2868 πεπηρωμένην
1210 2827 1301 2868 vulg.
1320 2838 1402 2858 corr.
1419 2827 1448 2857 B
1482 2830 1494 2866 ΙΙ
1531 2834 1568 2866 25
1587 2825 1674 2866 θεὸς]

203 2881 234 2911 ἐς
261 2878 335 2910 θεὸν
361 2880 390 2910 Β
449 2883 461 2918 ΙΙ
520 2880 560 2911 26
586 2877 611 2919 ᾧ
637 2880 775 2921 scripsi:
810 2880 849 2910 ὡς
873 2880 985 2920 vulg:
1021 2890 1084 2911 om.
1112 2879 1141 2910 B
1204 2883 1216 2917 ΙΙ
1276 2878 1515 2920 ἐφυμνοὺμενον
1539 2878 1674 2919 scripsi:

206 2931 363 2971 εὐώνυμον
382 2932 472 2972 vulg.
490 2943 495 2963 :
522 2932 685 2971 ἐπώνυμον
701 2933 728 2961 Β
777 2935 789 2970 ΙΙ
842 2938 880 2971 27
898 2931 1010 2971 ἔξαρκῆ
1025 2932 1055 2962 Β
