1893 3230
223 250 274 286 20
701 255 984 285 ΗΡΑΚΛΕΙΤΟΥ
1013 254 1202 285 ΕΦΕΣΙΟΥ

846 384 1061 426 XLVIII.

224 465 276 510 M
283 466 304 520 ὴ
329 467 414 520 εἶκῆ
438 466 642 529 περὶτῶν
664 465 887 526 μεγίστων
911 466 1256 521 συμβαλώμεθα.

870 580 1034 622 XLIX.

221 660 326 725 Χρὴ
350 660 393 707 εἶ’]
413 659 536 716 μάλα
560 665 741 708 πολλῶν
762 662 948 726 ἵστορας
974 662 1258 726 φιλοσόφους
1281 660 1436 724 ἄνδρας
1460 658 1575 706 εἶναι.

223 856 431 920 Γναφέων
455 856 553 908 ὁδὸς
577 858 712 904 εὐθεῖα
738 857 806 903 καὶ
832 859 987 912 σκολιὴ
1011 859 1088 912 μία
1114 857 1212 904 ἐστὶ
1237 855 1306 902 καὶ
1333 859 1356 910 ἡ
1381 857 1501 909 αὐτή.

209 1051 344 1099 ’'Ovm
370 1051 557 1117 ossffpstar’
581 1052 634 1100 ἂν
657 1055 831 1100 ἕλοιντο
855 1056 1030 1108 μᾶλλον
1054 1054 1076 1107 ’ἦ
1101 1053 1282 1117 χρυσόν.

403 1126 437 1131 ν
455 1118 517 1137 ΜΤ,

223 1205 260 1225 τε
285 1191 350 1237 γὰρ
376 1192 493 1226 παῖδες
518 1190 662 1237 φθεῖρας
688 1191 956 1226 κατακτείνοντες
988 1190 1205 1236 ἐξηπάτησαν
1231 1190 1392 1225 εἰπόντες·
1431 1189 1525 1224 “Ocra
1554 1187 1686 1233 εἴδομεν

225 1255 278 1289 καὶ
315 1254 547 1300 κατελάβομεν
579 1257 684 1290 ταῦτα
717 1255 938 1300 ἀπελίπομεν,
964 1254 1030 1289 ὅσα
1063 1255 1100 1289 δέ
1131 1257 1208 1289 οὔτε
1238 1254 1368 1298 εἴδομεν
1399 1254 1467 1289 οὔτ’
1501 1255 1685 1299 ἐλάβομεν,

224 1322 329 1354 ταῦτα
349 1320 508 1367 φέρομεν.
558 1319 665 1356 οὕτως
682 1319 903 1366 (Ηράκλειτος
923 1320 957 1354 ἐν
975 1319 1034 1364 ἰ’σῃ
1054 1320 1155 1366 μοίρᾳ
1174 1320 1301 1354 τίθεται
1322 1320 1374 1354 καὶ
1392 1321 1471 1365 τιμᾷ
1490 1320 1531 1354 τὰ
1551 1320 1685 1365 ἐμφανῆ

224 1387 294 1421 τοῖς
322 1385 502 1431 ἀφανέσιν,
525 1386 568 1421 ὡς
584 1385 619 1420 ἕν
646 1401 678 1420 τι
704 1386 742 1420 τὸ
770 1385 916 1431 ἐμφανὲς
935 1386 987 1419 καὶ
1013 1386 1052 1420 τὸ
1081 1385 1208 1431 ἀφανὲς
1227 1384 1503 1431 ὁμολογουμένως
1522 1385 1686 1431 ὑπάρχον.

224 1450 259 1484 τί
275 1451 341 1496 γάρ
361 1451 494 1496 φησιν;
521 1449 672 1497 Ἁρμονίη
693 1451 711 1495 ἡ
739 1450 870 1496 ἀφανὴς
897 1452 1045 1497 φανερῆς
1065 1451 1233 1497 κρείττων·
1264 1451 1328 1485 καί·
1353 1449 1471 1485 ’Όσων
1498 1449 1582 1497 ὄψις
1606 1450 1686 1495 ἀκοὴ

224 1514 368 1560 μάθησις
398 1511 569 1564 (τουτέστι
598 1516 638 1549 τὰ
669 1513 810 1565 ὄργανα)
839 1518 953 1560 ταῦτα,
984 1516 1104 1561 φησίν,
1135 1516 1200 1562 ἐγὼ
1228 1515 1408 1561 προτιμέω,
1438 1515 1477 1550 οὗ
1505 1516 1548 1549 τὰ
1575 1515 1688 1560 ἀφανῆ

225 1579 464 1626 προτιμήσαςς
497 1580 610 1628 (quae
636 1578 698 1616 hie
725 1578 771 1615 de
792 1578 964 1616 Homero
994 1583 1204 1616 narrantur
1229 1579 1389 1616 credunt
1417 1579 1463 1615 ab
1491 1578 1688 1616 Heraclito

225 1643 397 1693 profecta
426 1642 609 1681 Sohuster
636 1643 800 1693 aliique;
845 1657 881 1681 v.
909 1648 1039 1681 tamen
1069 1644 1157 1682 Val.
1189 1643 1292 1680 Max.
1322 1643 1374 1680 ix.
1410 1656 1480 1691 123
1523 1643 1687 1693 pseudo-

227 1708 327 1745 Pluts.
359 1708 405 1746 de
433 1708 503 1746 vit.
534 1707 654 1746 Hom.
683 1708 707 1745 i.
740 1722 775 1755 4,
805 1722 840 1758 p.
878 1710 975 1746 1061
1010 1708 1359 1760 W⁷ytt.)—-Respie.
1391 1709 1480 1746 fort.
1513 1708 1688 1747 Plotinus

227 1774 328 1812 Enn.
349 1774 372 1811 i.
397 1775 431 1820 6,
452 1787 489 1824 p.
513 1784 561 1822 53
580 1788 590 1821 3
620 1773 780 1811 Proclus
800 1774 840 1811 in
862 1774 1007 1823 Cratyl.
1028 1788 1062 1824 p.
1093 1783 1164 1822 107
1188 1774 1245 1811 ed.
1268 1774 1490 1812 Boissonad.

282 1851 430 1877 XLVIII.
462 1839 653 1889 Diogenes
675 1839 803 1877 Laert.
824 1839 876 1876 ix.
900 1848 974 1887 73:
1006 1842 1054 1875 ἔτι
1079 1841 1144 1886 μὴν
1161 1841 1396 1887 Ἡράκλειτον·
1436 1841 1492 1886 Μὴ
1521 1841 1590 1885 εἷκῆ
1615 1841 1692 1888 περὶ

228 1910 294 1941 τῶν
320 1906 493 1953 μεγίστων
520 1906 808 1952 συμβαλλώμεθα·
848 1907 900 1941 καὶ
920 1905 1144 1953 Ἱπποκράτην
1169 1907 1374 1942 ἐνδοιαστῶς
1400 1907 1453 1942 καὶ
1475 1907 1692 1953 ἀνθρωπίνως

228 1970 483 2018 ἀποφαίνεσθαι
503 1972 569 2006 κτὲ.

284 2045 397 2071 XLIX.
443 2033 620 2071 Clemens
654 2033 764 2071 Alex.
799 2033 939 2072 Strom.
972 2048 1006 2072 v.
1041 2047 1099 2081 14,
1128 2048 1165 2084 p.
1199 2043 1298 2084 733:
1336 2036 1403 2083 χρὴ
1435 2037 1501 2084 γὰρ
1532 2036 1570 2072 εὖ
1601 2038 1693 2082 μάλα

229 2101 371 2137 πολλῶν
399 2099 540 2147 ἵστορας
571 2102 794 2147 φιλοσόφους
822 2101 944 2147 ἄνδρας
973 2098 1064 2147 εἶναι,
1094 2101 1165 2136 καθ’
1193 2101 1424 2148 “Ηράκλειτον·
1464 2103 1516 2137 καὶ
1544 2101 1595 2151 τῷ
1622 2102 1694 2139 ὅντι

230 2166 355 2213 ἀνάγκη
376 2166 523 2201 (ιπολλὰ
544 2166 751 2210 πλανηθῆναι
772 2165 942 2211 διζήμενον
961 2168 1096 2212 ἔμμεναι
1116 2165 1272 2203 ἐσθλόν.”

283 2241 319 2267 L.
354 2228 594 2279 Hippolytus
614 2229 698 2267 Res.
718 2229 810 2267 haer
830 2229 882 2267 ix.
909 2243 957 2267 10
975 2244 981 2267 :
1012 2233 1065 2267 καὶ
1094 2232 1172 2267 εὐθὺ
1202 2231 1248 2276 δέ,
1270 2233 1370 2278 φησί,
1393 2233 1445 2267 καὶ
1464 2233 1638 2278 στρεβλὸν
1654 2234 1694 2269 τὸ

231 2297 313 2332 αὐτό
350 2296 436 2333 ε’στι.
479 2296 651 2343 γραφέων,
683 2297 801 2343 φησίν,
832 2297 908 2333 ὁδὸς
937 2297 1047 2332 εὐθεῖα
1075 2299 1128 2332 καὶ
1157 2297 1288 2343 σκολιή·
1328 2298 1346 2343 ἡ
1375 2301 1435 2333 τοῦ
1463 2298 1606 2345 ὀργάνου
1634 2301 1696 2334 τοῦ

232 2362 438 2407 καλουμένου
459 2362 600 2407 κοχλίου
620 2362 655 2396 ἐν
674 2365 720 2410 τῷ
740 2362 896 2411 γραφείῳ
923 2359 1092 2415 [γναφείῳ
1120 2359 1310 2415 Bernays]
1340 2364 1556 2410 περιστροφὴ
1585 2364 1696 2399 εὐθεῖα

232 2428 285 2462 καὶ
302 2426 434 2471 σκολιὴ·
465 2427 531 2461 ἅνω
550 2427 616 2473 γὰρ
632 2429 716 2472 ὁμοῦ
737 2428 789 2462 καὶ
811 2427 922 2476 κύκλῳ
941 2429 1166 2475 περιέρχεται·
1198 2428 1258 2472 μία
1275 2428 1360 2472 ἐστι’,
1382 2428 1482 2473 φησί,
1503 2428 1555 2462 καὶ
1575 2428 1594 2472 ἡ
1613 2427 1695 2474 αὗτῆ

232 2490 400 2529 —Confi
420 2489 610 2539 Apuleius
631 2490 677 2528 de
697 2490 844 2529 Mundo
868 2504 912 2529 21
932 2504 938 2529 :
969 2491 1122 2529 directis
1143 2491 1296 2540 obliqua
1315 2490 1527 2529 confundit.

290 2566 342 2591 LI.
371 2554 601 2592 Aristoteles
621 2555 710 2593 Eth.
734 2555 819 2593 Nic.
840 2570 876 2593 x.
901 2565 935 2603 5,
955 2569 991 2605 p.
1019 2557 1118 2603 1176
1140 2570 1164 2593 α
1187 2558 1208 2592 6
1229 2569 1235 2592 :
1266 2557 1362 2603 ἑτέρα
1387 2558 1453 2603 γὰρ
1472 2555 1576 2592 ἵππου
1595 2557 1696 2605 ἡδονὴ

235 2621 288 2655 καὶ
307 2622 405 2656 κυνὸς
424 2622 476 2655 καὶ
495 2621 686 2667 ἀνθρώπου,
709 2622 856 2668 καθάπερ
875 2621 1096 2668 Ἡράκλειτός
1115 2623 1225 2668 φησιν
1245 2621 1321 2656 ὅνον
1351 2618 1466 2672 [ὅνους
1493 2621 1573 2659 cod.
1595 2621 1694 2660 Lau-

236 2680 354 2735 rent]
387 2684 531 2731 σύρματ’
551 2685 591 2719 ἂν
620 2685 760 2720 ἑλέσθαι
792 2688 925 2731 μᾶλλον
954 2685 973 2731 ἢ
1006 2687 1150 2732 χρυσόν·
1193 2686 1287 2730 ἥδιον
1318 2687 1384 2733 γὰρ
1417 2689 1550 2732 χρυσοῦ
1583 2688 1696 2735 τροφὴ

235 2749 335 2784 ὄνοις.
1708 2744 1711 2746 v

281 2867 404 2891 XLVIH.
430 2859 667 2899 συμβαλώμεθα
683 2861 751 2893 cod.
768 2862 1036 2895 Arundelianus:
1063 2861 1323 2901 συμβαλλώμεθα
1339 2863 1390 2896 ed.
1407 2862 1532 2899 Cobet„
1548 2862 1639 2904 vulg.

283 2918 380 2942 XLIX.
406 2910 533 2952 ἴστορας
549 2913 699 2945 Dindorf.

284 2969 313 2994 L.
337 2962 483 3003 γναφέων
501 2964 679 2996 Duncker:
704 2964 849 3006 γραφέων
865 2966 934 2997 cod.
949 2977 955 2997 z
980 2964 1120 3006 γναφείῳ
1137 2966 1294 3008 BernayS.
