1893 3230
724 236 827 265 ΠΕΡΙ
858 235 1035 266 ΦΥΣΕΩΣ.
1588 231 1605 264 1
1614 232 1634 266 5

796 399 1007 441 XXXVI.

163 495 223 540 'O
250 494 343 545 θεὸς
372 497 502 558 ἡμέρη
527 497 726 560 εὐφρόνη,
752 500 910 559 χειμών
937 498 1074 560 Θέρος,
1100 498 1295 551 πόλεμος
1328 499 1481 560 εἰρήνη,
1509 498 1636 559 κόρος

162 573 306 628 λιμός·
344 573 602 620 ἀλλοιοῦται
633 574 677 620 δὲ
707 574 907 637 ὅκωσπερ
937 575 1096 621 ὁκόταν
1128 579 1327 636 συμμιγῆ
1367 593 1400 623 <
1419 575 1564 628 Θύωμα
1583 586 1617 617 >

161 649 369 702 θυώμασι·
409 647 669 714 ὀνομάζεται
696 652 790 696 καθ’
821 648 967 703 ἡδονὴν
993 648 1194 696 ἑκάστου.

779 763 1017 806 XXXVII.

217 859 468 901 Aristoteles
491 862 541 902 de
564 863 698 902 Sensu
723 870 763 915 5,
785 876 825 916 p.
848 874 932 916 443
955 877 980 902 (ι
998 874 1047 904 21
1071 877 1078 901 :
1113 865 1222 902 δοκεῖ
1239 861 1272 901 δ’
1293 860 1410 904 ἐνίοις
1430 861 1453 912 ἡ
1476 861 1630 902 καπνώ-

159 931 227 980 δης
258 929 516 981 ἀναθυμίασις
553 930 650 971 εἶναι
689 930 805 982 ὀσμή,
839 931 938 971 οὖσα
975 929 1081 980 κοινὴ
1112 932 1183 983 γῆς
1220 946 1263 970 τε
1298 929 1362 970 καὶ
1398 927 1523 981 ἀέρος.
1568 929 1630 970 καὶ

160 995 304 1039 πάντες
337 997 584 1050 ἐπιφέρονται
618 999 680 1040 ἐπὶ
716 1003 830 1039 τοῦτο
864 999 952 1051 περὶ
988 999 1127 1050 ὀσμῆς’
1182 998 1240 1039 διὸ
1275 998 1337 1039 καὶ
1373 996 1632 1049 ςΗράκλειτος

161 1063 280 1105 οὕτως
302 1064 465 1114 εἴρηκεν,
488 1065 538 1107 ὡς
571 1066 610 1105 εἰ
641 1063 792 1106 πάντα
822 1066 877 1105 τὰ
908 1066 1023 1106 ὄντα
1055 1064 1233 1107 καπνὸς
1262 1063 1468 1116 γένοιτο,
1500 1064 1632 1116 ῥῖνες

163 1125 218 1168 ἂν
249 1130 505 1180 διαγνοῖεν.

766 1213 1030 1256 XXXVIII.

158 1306 224 1353 Αἱ
248 1306 397 1371 ψυχαὶ
423 1310 645 1364 ὀσμῶνται
670 1311 764 1355 καθ’
789 1308 904 1369 ᾅδην.

159 1491 255 1526 ἐστιν
275 1490 320 1532 ἕν,
341 1490 452 1536 λέγων
481 1491 546 1525 ὧδέ
573 1501 655 1527 πως·
695 1491 909 1527 Διδάσκαλος
939 1491 975 1525 δέ
1000 1492 1176 1527 πλείστων
1193 1491 1368 1528 “Ησίοὸος·
1407 1493 1527 1527 τοῦτον
1556 1490 1628 1525 ἐπί-

160 1571 300 1592 στανται
319 1558 469 1592 πλεῖστα
488 1557 619 1598 εἰδέναι,
643 1556 739 1593 ὅστις
759 1556 883 1603 ἡμέρην
902 1558 954 1592 καὶ
973 1557 1142 1604 εὐφρόνην
1161 1557 1221 1592 οὐκ
1241 1557 1435 1604 ἐγίνωσκεν·
1469 1557 1545 1592 ἔστι
1562 1557 1630 1602 γὰρ

158 1622 204 1658 ἕν.

210 1697 353 1723 XXXVI.
396 1685 639 1736 Hippolytus
674 1686 759 1724 Ref.
791 1686 895 1725 haer.
929 1686 983 1724 ix.
1009 1699 1086 1724 10:
1126 1688 1184 1723 τὸν
1213 1688 1279 1734 γὰρ
1308 1690 1444 1734 πρῶτον
1474 1683 1628 1739 [ποιητὸν

153 1752 348 1801 Bernay82
387 1751 475 1789 forta.
504 1748 696 1804 προῦπτον]
727 1755 856 1799 κόσμον
886 1754 988 1788 αὐτὸν
1016 1754 1219 1800 δημιουργὸν
1247 1754 1300 1788 καὶ
1327 1753 1467 1798 ποιητὴν
1501 1754 1622 1787 ἑαυτοῦ

152 1820 328 1866 γινόμενον
347 1816 434 1853 οὕτω
453 1817 558 1864 λέγει’
578 1818 618 1852 ‘O
639 1818 714 1855 θεὸς
739 1818 842 1865 ἡμέρη
872 1819 1032 1865 εὐφρόνη,
1054 1819 1181 1864 χειμὼν
1201 1818 1309 1865 θέρος,
1329 1820 1481 1863 πόλεμος
1496 1817 1622 1864 εἰρήνη,

153 1885 252 1931 κόρος
270 1885 369 1928 λιμός
391 1880 565 1932 (τάναντία
583 1883 725 1918 ἅπαντα·
759 1882 858 1919 οὗτος
877 1886 895 1918 ὁ
916 1880 1019 1932 νοῦς)·
1053 1883 1251 1919 ἀλλοιοῦται
1270 1884 1307 1918 δέ
1327 1883 1487 1929 ὅκωσπερ
1503 1884 1623 1917 ὁκόταν

152 1951 305 1996 συμμιγῇ
333 1949 517 1992 θυώμασιν·
557 1948 848 1993 ὀνομάζεται·καθ’
869 1948 988 1994 ἡδονὴν
1012 1950 1158 1984 ἑκάστου
1189 1946 1304 1998 (conf.
1338 1946 1424 1985 Res.
1452 1946 1555 1985 haer.
1587 1959 1624 1984 V.

157 2023 202 2049 21
225 2009 535 2062 init.)—Respic.
568 2009 828 2061 Hippocrates
856 2014 934 2059 περὶ
954 2011 1079 2058 διαίτης
1099 2011 1123 2049 i.
1147 2025 1168 2059 4
1190 2011 1327 2050 Etim:
1370 2012 1629 2060 ξυμμισγόμενα

153 2077 190 2113 δέ
209 2078 262 2112 καὶ
281 2078 514 2123 διακρινόμενα
533 2077 742 2114 ἀλλοιοῦται.

208 2153 386 2179 XXXVIII.
416 2140 649 2179 Plutarchus
678 2141 726 2180 de
753 2142 840 2180 Fae.
861 2142 902 2179 in
929 2142 1020 2180 orbe
1049 2141 1128 2179 lun.
1156 2145 1216 2188 28,
1238 2155 1273 2192 p.
1298 2155 1375 2191 943
1397 2157 1405 2179 ε
1448 2145 1481 2178 αἱ
1510 2142 1539 2177 δ’
1560 2142 1626 2178 ἅνω

152 2210 327 2256 γενόμεναι
348 2205 443 2257 (ΞΟΠ.
464 2204 597 2257 ψυχαί)
627 2236 635 2245 .
668 2236 675 2244 .
708 2237 714 2244 .
746 2237 754 2245 .
785 2209 890 2244 ἀκτῖνι
909 2209 969 2254 τὴν
993 2208 1077 2255 ὄψιν
1096 2208 1244 2254 ἐοικυῖαι,
1264 2210 1346 2255 πυρὶ
1366 2209 1402 2244 δέ
1424 2209 1484 2254 τὴν
1502 2207 1624 2255 ψυχὴν

150 2273 218 2309 ἶίνω
238 2272 492 2319 κουφιζομένην,
515 2274 632 2319 ὥσπερ
652 2273 806 2314 ἐνταῦθα,
828 2276 875 2322 τῷ
893 2274 970 2320 περὶ
996 2274 1056 2318 τὴν
1075 2273 1222 2318 σελήνην
1240 2274 1358 2321 αἰθέρι,
1379 2272 1432 2310 καὶ
1450 2274 1549 2308 τόνον
1568 2270 1625 2307 ἀπ’

149 2339 253 2373 αὐτοῦ
282 2339 335 2372 καὶ
360 2337 508 2383 δύναμιν,
529 2336 599 2373 οἷον
618 2339 660 2373 τὰ
685 2337 900 2384 στομούμενα
927 2337 1059 2384 βαφήν,
1079 2336 1234 2385 ἴσχουσι.
1292 2339 1331 2374 τὸ
1349 2339 1416 2386 γὰρ
1440 2338 1556 2385 ἀραιὸν
1574 2337 1625 2372 ἔτι

148 2405 202 2439 καὶ
230 2403 470 2449 διακεχυμένον
497 2402 661 2449 ῥώννυται
691 2404 743 2439 καὶ
771 2402 898 2451 γίνεται
927 2404 1096 2450 σταθερὸν
1122 2405 1175 2439 καὶ
1202 2403 1345 2451 διαυγές,
1367 2405 1458 2439 ὥστε
1478 2404 1543 2439 ὑπὸ
1563 2404 1624 2447 τῆς

148 2467 319 2516 τυχούσης
351 2469 607 2514 ἀναθυμιάσεως
636 2469 836 2517 τρέφεσθαι·
881 2470 934 2505 καὶ
966 2470 1076 2506 καλῶς
1105 2468 1330 2516 Ἡράκλειτος
1363 2466 1457 2505 εἶπεν
1494 2468 1548 2504 ὅτι
1587 2469 1621 2503 αἱ

151 2535 266 2582 ψυχαὶ
284 2534 456 2581 ὀσμῶνται
494 2534 565 2570 καθ’
585 2534 679 2581 ᾅδην.

156 2700 160 2704 “
195 2705 320 2730 XXXVI.
346 2703 422 2740 post
444 2698 537 2739 λιμός
561 2709 603 2730 ex
626 2699 814 2741 Hippolyto
837 2698 969 2730 infercit
991 2698 1156 2740 Bergkius
1179 2698 1335 2730 τάναντία
1357 2697 1491 2729 ἅπαντα·
1523 2696 1625 2728 ωὑτὸς

151 2747 234 2780 νόος·
261 2753 273 2787 ΙΙ
289 2749 370 2781 οἶνος
386 2750 479 2782 addit
490 2754 566 2793 post
582 2749 726 2792 ὅκωσπερ
738 2751 916 2793 Bergkius,
928 2753 1003 2792 post
1019 2749 1180 2790 θυώμασιν
1196 2751 1355 2782 Schuster
1385 2754 1397 2789 11
1416 2748 1537 2782 ὁπόταν
1552 2749 1623 2781 cod.

150 2811 233 2832 corr.
250 2802 365 2833 Miner
390 2805 404 2843 Η
423 2803 568 2843 συμμιγῆ
585 2803 672 2835 cod.:
698 2805 841 2845 συμμιγῇ
865 2809 900 2841 <
912 2803 1020 2842 θύωμα
1032 2807 1068 2838 >
1092 2803 1242 2844 Bernays
1258 2814 1264 2834 z
1292 2804 1434 2845 συμμιγῇ
1462 2809 1498 2842 <
1510 2802 1568 2842 ἀὴρ
1580 2804 1616 2836 >

152 2852 277 2883 Zeller:
310 2853 472 2894 συμμιγέα
488 2854 639 2894 omium<
651 2867 706 2887 -τα
729 2854 890 2896 διαφόροις
912 2855 1133 2896 ὀνόμα->σιν
1152 2855 1195 2886 R.
1219 2854 1332 2887 θεοί-,δε
1369 2856 1540 2897 vulgatam
1555 2856 1622 2886 lec-

152 2903 278 2935 tionem
300 2907 416 2936 tuetur
436 2906 680 2939 Teichmueller
695 2908 776 2940 Nov.
792 2907 887 2940 stud.
910 2908 930 2940 i.
947 2919 979 2950 p.
1001 2907 1043 2941 66
1092 2912 1104 2946 ΙΙ
1130 2914 1165 2947 <
1178 2905 1242 2944 ὃ>
1273 2906 1461 2947 ὀνομάζεταί
1483 2907 1622 2939 ΟΙἮῙΟΘΖ

155 2954 172 2986 ὃ
189 2954 350 2995 νομίζεται
367 2957 607 2991 VVordsworth.
