1893 3230
757 200 971 228 APPENDIX
992 212 1048 218 —-
1070 201 1098 227 1.
1605 192 1654 226 59

194 317 296 352 ι’ίλλοι
328 318 462 363 γνώμην
496 317 522 362 †
535 315 624 361 ἠθῶν
637 315 660 353 †
694 316 821 362 τρόπον
854 315 986 359 κόσμου
1020 315 1092 349 ἑνὸς
1127 316 1192 348 τῶν
1226 313 1434 359 ξυμπάντων.
1495 312 1586 357 φασὶ
1619 312 1655 346 δὲ

194 382 296 417 αὐτὸν
323 381 529 428 ἐρωτηθέντα
561 381 616 415 διὰ
648 381 682 415 τί
714 381 837 424 σιωπᾷ,
875 379 989 425 φάναι,
1019 377 1090 412 Ἵνα
1122 378 1213 423 ὑμεῖς
1246 379 1383 423 λαλῆτε.
1441 375 1590 421 ἐπόθησε
1620 376 1656 410 δὲ

193 447 295 482 αὐτοῦ
315 447 368 481 καὶ
388 448 529 493 Δαρεῖος
546 446 732 491 μετασχεῖν
751 445 803 479 καὶ
822 444 976 491 ἔγραψεν
995 443 1059 477 ὧδε
1077 444 1161 489 πρὸς
1181 443 1290 479 αὐτόν.

194 508 281 562 (13)
302 512 506 547 Βασιλεὺς
526 512 699 558 Δαρεῖος
717 510 870 556 πατρὸς
887 508 1129 543 (Υστάσπεω
1148 507 1422 554 ἹΙράκλειτον
1439 507 1641 554 Ἐφέσιον

157 589 175 620 5
525 577 661 622 σοφὸν
680 575 804 621 ἶίνδρα
824 572 1128 621 προσαγορεύει
1149 573 1317 619 χαίρειν.

249 641 516 686 Καταβέβλησαι
545 643 650 688 λόγον
667 642 745 687 περὶ
766 640 908 687 φύσεως
927 639 1113 683 δυσνόητόν
1132 653 1168 673 τε
1189 639 1242 672 καὶ
1262 636 1503 684 δυσεξήγητον·
1533 637 1568 673 ἕν
1587 652 1659 672 τισι

192 708 254 753 μὲν
273 707 332 743 ου”ν
351 708 609 753 ἑρμηνευόμενος
635 707 719 742 κατὰ
744 706 839 752 λε’ξιν
867 705 932 750 σὴν
957 706 1049 740 δοκεῖ
1074 702 1213 749 δύναμίν
1238 718 1311 738 τινα
1329 703 1498 749 περιέχειν
1517 703 1659 749 θεωρίας

193 775 323 818 κόσμου
342 787 379 807 τε
398 775 458 807 τοῦ
479 772 673 818 σύμπαντος
694 773 746 807 καὶ
761 775 827 806 τῶν
841 771 876 806 ἐν
895 769 1003 818 τούτῳ
1020 770 1212 816 γινομένων,
1229 769 1314 814 ἅπερ
1334 768 1429 803 ἐστὶν
1447 769 1483 802 ἐν
1503 768 1656 812 θειοτάτῃ

194 838 325 881 κείμενα
345 838 484 882 κινήσει·
512 840 577 872 τῶν
593 838 629 872 δέ
648 837 822 872 πλείστων
843 836 970 881 ἐποχὴν
990 835 1123 881 ἔχοντα,
1140 835 1230 869 ὥστε
1246 835 1298 868 καὶ
1317 833 1397 869 τοὺς
1416 833 1471 868 ε’πὶ
1491 834 1659 868 πλεῖστον

137 913 177 936 10
192 904 442 949 μετεσχηκότας
471 903 746 949 συγγραμμάτων
774 900 1010 948 διαπορεῖσθαι
1042 901 1101 945 τῆς
1134 899 1235 946 ὀρθῆς
1269 898 1436 942 δοκούσης
1463 898 1658 945 γεγράφθαι

193 968 285 1014 παρὰ
306 969 363 1003 σοὶ
386 967 589 1015 ἐξηγήσεως.
646 967 814 1009 βασιλεὺς
839 965 899 1001 οὖν
925 968 1065 1012 Δαρεῖος
1083 965 1303 1000 Ὕστάσπους
1326 963 1489 1006 βούλεται
1517 965 1572 1007 τῆς
1595 964 1659 1007 σῆς

194 1032 389 1079 ἀκροάσεως
416 1035 602 1079 μετασχεῖν
630 1033 682 1067 καὶ
710 1032 862 1068 παιδείας
889 1030 1096 1075 Ἑλληνικῆς.
1154 1031 1258 1076 ἔρχου
1292 1029 1331 1074 δὴ
1366 1030 1541 1074 συντόμως
1572 1029 1659 1074 πρὸς

192 1096 274 1142 ε’μὴν
294 1097 380 1144 ὄψιν
400 1098 452 1132 καὶ
472 1098 652 1139 βασίλειον
670 1094 771 1132 οἷκον.
832 1096 918 1141 (14)
943 1095 1111 1130 ’Ἕλλανες
1129 1095 1194 1141 γὰρ
1221 1094 1275 1129 ε’πὶ
1301 1095 1340 1128 τὸ
1360 1095 1526 1128 πλεῖστον
1544 1092 1657 1128 ἀνεπι-

194 1163 358 1209 σήμαντοι
378 1165 504 1209 σοφοῖς
522 1163 685 1209 ἀνδράσιν
708 1162 801 1198 ὅντες
825 1165 1003 1209 παρορῶσι
1029 1162 1072 1196 τὰ
1092 1162 1205 1196 καλῶς
1224 1159 1280 1195 ὑπ’
1301 1161 1409 1194 αὐτῶν
1428 1158 1658 1203 ἐνδεικνύμενα

136 1237 174 1271 15
191 1228 278 1274 πρὸς
307 1227 495 1263 σπουδαίαν
522 1227 624 1272 ἀκοὴν
652 1228 705 1262 καὶ
733 1227 893 1272 μάθησιν,
950 1225 1028 1272 παρ’
1048 1226 1122 1271 ἐμοὶ
1150 1226 1187 1260 δέ
1215 1225 1360 1271 ὑπάρχει
1388 1239 1446 1260 σοι
1473 1226 1571 1260 πᾶσα
1599 1225 1660 1269 μὲν

192 1293 366 1340 προεδρία,
406 1292 477 1328 καθ’
515 1293 642 1340 ἡμέραν
680 1293 717 1327 δέ
759 1292 843 1337 καλὴ
882 1280 941 1326 καί
974 1291 1144 1327 σπουδαία
1179 1292 1456 1338 προσαγόρευσις
1494 1289 1546 1326 καὶ
1583 1292 1660 1333 βίος

193 1358 368 1404 εὐδόκιμος
388 1360 465 1395 σαῖς
482 1358 736 1405 παραινέσεσιν.

374 1423 639 1471 Ἡράκλειτος
676 1423 875 1470 Ἐφέσιος
911 1424 1087 1466 βασιλεῖ
1126 1423 1285 1470 Δαρείῳ
1322 1422 1478 1468 πατρὸς

693 1489 934 1524 Ὑστάσπεω
972 1488 1147 1534 χαίρειν.

136 1563 176 1586 20
247 1553 385 1590 Ὀκόσοι
403 1556 631 1601 τυγχάνουσιν
651 1554 743 1590 ὅντες
762 1554 948 1600 ἐπιχθόνιοι
977 1554 1035 1598 τῆς
1062 1553 1123 1598 μὲν
1142 1552 1298 1597 ἀληθείης
1324 1553 1377 1587 καὶ
1397 1552 1660 1599 δικαιοπραγμο-

194 1619 296 1664 σύνης
316 1619 509 1666 ἀπέχονται,
530 1620 702 1665 ἀπληστίῃ
724 1620 759 1655 δέ
780 1620 832 1654 καὶ
852 1617 1033 1663 δοξοκοπίῃ
1053 1617 1270 1665 προσέχουσι
1295 1619 1395 1663 κακῆς
1414 1616 1507 1652 ἕνεκα
1536 1617 1658 1662 ἀνοίης.

193 1685 260 1732 ἐγὼ
281 1685 316 1720 δέ
336 1685 520 1731 ἀμνηστίην
539 1686 628 1732 ἔχων
642 1685 756 1730 πάσης
774 1683 934 1732 πονηρίης
953 1684 1005 1719 καὶ
1025 1685 1123 1731 κόρον
1138 1682 1277 1730 φεύγων
1291 1684 1417 1720 παντὸς
1436 1682 1661 1728 οἷκειοὺμενον

193 1750 311 1799 φθόνῳ
331 1751 384 1786 καὶ
404 1751 458 1786 διὰ
480 1751 518 1785 τὸ
546 1748 787 1797 περιίστασθαι
806 1749 1047 1796 ὑπερηφανίας,
1068 1749 1128 1783 οὐκ
1157 1748 1197 1784 ἂν
1225 1748 1410 1794 ἀφικοίμην
1438 1748 1485 1784 εἷς
1513 1751 1660 1795 Περσῶν

192 1817 316 1862 χώρην,
337 1815 467 1862 ὀλίγοις
485 1816 685 1862 ἀρκεόμενος
704 1816 773 1851 κατ’
795 1815 875 1861 ἐμὴν
893 1817 1041 1862 γνώμην.

136 1885 174 1919 25
247 1883 404 1917 Τοιοῦτος
422 1882 483 1926 μὲν
501 1881 582 1927 ἁνὴρ
603 1882 656 1916 καὶ
675 1882 760 1928 πρὸς
778 1880 939 1923 βασιλέα.
997 1879 1084 1929 (15)
1107 1878 1296 1926 Δημήτριος
1323 1878 1362 1912 δέ
1388 1879 1500 1925 φησιν
1527 1878 1563 1913 ἐν
1590 1880 1661 1915 τοῖς

193 1944 380 1991 ὁμωνύμοις
410 1946 463 1980 καὶ
490 1945 675 1991 Ἀθηναίων
702 1946 804 1981 αὐτὸν
823 1946 1093 1992 ὑπερφρονῆσαι,
1124 1944 1226 1988 δόξαν
1253 1944 1377 1990 ἔχοντα
1404 1943 1659 1988 παμπλείστην

194 2009 507 2057 καταφρονούμενόν
525 2026 563 2045 τε
582 2011 647 2047 ὑπὸ
666 2014 732 2046 τῶν
751 2009 927 2058 Ἐφεσίων
947 2010 1087 2046 ἑλέσθαι
1115 2011 1250 2056 μᾶλλον
1277 2009 1318 2044 τὰ
1347 2009 1461 2045 οἷκεῖα.
1499 2009 1661 2054 μέμνηται

243 2191 256 2213 1
276 2182 359 2222 ἠθῶν
382 2183 437 2213 A:
463 2181 534 2221 ἤτοι
558 2192 644 2223 susp.
662 2181 859 2222 Bernaysius
894 2185 906 2220 Η
942 2180 1060 2221 τρόπον
1082 2180 1204 2219 κόσμου
1227 2179 1341 2221 scripsi
1366 2180 1561 2221 (praeeunte
1584 2179 1664 2210 Ber-

196 2234 326 2276 naysio)
344 2244 350 2265 :
376 2233 494 2274 τρόπου
509 2232 632 2273 κόσμον
647 2233 736 2274 vulg.
754 2232 891 2274 (κόσμον
906 2232 956 2272 Α)
988 2236 999 2270 Η
1037 2242 1052 2263 2
1069 2231 1201 2263 λαλεῖτε
1218 2231 1325 2262 LMN
1351 2234 1363 2269 Η
1396 2242 1418 2272 4
1433 2230 1614 2262 ὑστάσπεοε
1629 2232 1664 2262 Α

199 2290 212 2325 Η
232 2296 249 2328 5
269 2285 423 2328 [χαίρειν]
443 2285 515 2318 Cob.
541 2288 553 2323 Η
587 2285 607 2316 6
625 2283 714 2325 λόγῳ
730 2284 759 2316 L
785 2288 797 2322 Η
822 2283 934 2324 φυσιοε
949 2283 998 2316 St.
1026 2289 1038 2323 Η
1077 2290 1094 2324 7
1111 2282 1359 2325 ἑρμηνευόμενον
1374 2283 1404 2314 L
1439 2287 1451 2322 Η
1486 2281 1662 2324 περιέχειν]

197 2337 288 2379 ἔχειν
304 2337 373 2378 περὶ
390 2339 418 2369 L
458 2341 470 2376 Η
511 2347 531 2379 9
548 2337 754 2369 ἐπιπλεΐστον
770 2337 859 2378 vulg.
877 2348 882 2368 :
909 2335 959 2367 ἐπὶ
975 2335 1131 2367 πλεῖστον
1147 2336 1310 2368 Huebner
1328 2335 1400 2368 Oob.
1415 2347 1420 2366 :
1445 2334 1607 2366 πλείστων
1623 2335 1663 2366 Μ

200 2395 213 2430 Η
237 2399 276 2421 10
292 2389 538 2431 μετεσχηκότας
553 2390 623 2421 ΑΝ
640 2389 687 2421 St.
708 2389 803 2422 Cob.:
829 2388 1076 2429 μετασχηκόταε
1097 2388 1195 2419 CLM
1211 2388 1269 2419 Fr.
1317 2391 1329 2425 Η
1377 2386 1575 2428 Ἑλληνικῶν
1590 2391 1664 2429 post

197 2441 456 2483 συγγραμμάτων
471 2441 547 2473 add.
567 2441 639 2474 Oob.
688 2445 700 2480 Η
748 2440 894 2473 δοκούσιε
911 2441 946 2472 Α
993 2443 1005 2478 Η
1057 2449 1092 2471 11
1112 2439 1195 2481 παρὰ
1211 2439 1262 2471 σοὶ
1281 2439 1444 2471 Huebner
1463 2439 1535 2471 Gob.
1551 2451 1556 2470 :
1581 2438 1663 2479 παρά

196 2505 248 2526 σοι
271 2495 361 2536 vulg.
410 2498 422 2533 Η
470 2492 653 2526 ὑστάσπους
675 2494 739 2525 AL
763 2494 821 2526 Fr.
843 2492 913 2525 Sa:
954 2491 1119 2524 ὑστάσπου
1142 2492 1248 2524 ΟΜΝ
1274 2492 1347 2524 Oob.
1396 2495 1408 2529 Η
1455 2492 1512 2531 τῆε
1535 2502 1598 2523 om.
1623 2492 1664 2523 M

199 2550 212 2585 Η
234 2545 436 2587 13Ἕλληνεε
451 2546 630 2588 Menagius
647 2546 722 2579 Cob.
772 2550 784 2585 Η
838 2554 878 2586 14
893 2544 944 2576 ὑπ’
958 2544 1079 2586 αὐτῶν]
1099 2543 1157 2576 ὑπό
1174 2555 1258 2576 τινος
1274 2544 1314 2575 Μ
1361 2547 1373 2582 Η
1424 2553 1462 2585 15
1481 2553 1531 2574 σοι
1549 2554 1613 2575 om.
1629 2544 1664 2575 A

199 2601 212 2636 Η
233 2604 272 2639 17
290 2599 358 2629 σαΐε
382 2598 467 2640 παρ.]
491 2597 539 2630 αἷς
562 2597 601 2638 δὴ
624 2609 695 2639 παρ.
711 2596 903 2638 ἀπεκρίνατο
926 2596 1023 2628 οὕτως
1039 2597 1103 2628 M:
1143 2607 1174 2628 σ.
1187 2608 1219 2627 π.
1244 2594 1448 2637 Ἡράκλειτος
1474 2594 1664 2636 ἀπεκρίνατο

198 2649 297 2681 οὕτως
313 2650 387 2683 Cob.
405 2662 411 2683 τ
436 2651 510 2682 add.
527 2655 535 2668 ‘
547 2651 632 2682 vale.
647 2650 698 2682 his
715 2650 769 2681 ille
784 2650 833 2681 ita
847 2648 1036 2691 respondit’
1052 2649 1251 2680 Ambrosius
1293 2653 1305 2687 Η
1350 2657 1390 2690 19
1408 2645 1593 2678 ὑστάσπεωε
1610 2647 1639 2678 L
1656 2658 1662 2678 :

197 2700 427 2734 ὕστάσπεοςΑ
474 2706 486 2741 Η
536 2712 576 2733 20
593 2701 764 2744 ἐπιχρόνιοι
787 2703 843 2733 Fr.
892 2704 905 2743 Η
953 2700 1102 2741 ἀληθείας
1117 2701 1251 2732 AMN:
1278 2700 1432 2740 ἀληθηίης
1459 2700 1531 2732 Cob.
1569 2702 1581 2737 Η
1624 2708 1659 2729 21

201 2753 358 2794 δοξοποιίη
375 2754 401 2786 C
451 2757 463 2792 Η
508 2754 595 2795 ἀνίης
610 2755 637 2787 Ο
687 2759 699 2794 Η
752 2764 788 2785 22
814 2752 1032 2794 ἀναμνηστίην
1047 2754 1087 2785 Μ
1135 2756 1147 2791 Η
1194 2751 1287 2783 πάσιε
1302 2753 1336 2783 Α
1383 2755 1394 2790 Η
1443 2750 1608 2792 ἐκφείνγων
1623 2751 1664 2782 Μ

201 2811 215 2846 Η
235 2805 328 2836 παντὶ
343 2806 406 2837 M:
431 2805 553 2838 πάντως
576 2805 649 2838 C'ob.
696 2809 708 2844 11
756 2805 972 2844 οἰκειουμένου
995 2806 1051 2837 Fr.
1099 2809 1111 2843 11
1163 2814 1177 2835 2
1184 2814 1202 2845 3
1225 2804 1331 2845 φθόνῳ
1354 2804 1394 2835 Μ
1421 2804 1517 2835 Cob.:
1545 2802 1665 2842 φθόνου

199 2859 290 2899 vulg.
327 2861 338 2895 Η
376 2857 589 2899 ὑπερηφανίην
607 2858 680 2890 Cob.
713 2860 725 2895 ΙΙ
758 2856 918 2898 ἀφικόμην
933 2858 998 2889 AL
1032 2860 1044 2895 Η
1080 2867 1120 2898 24
1143 2856 1248 2896 χώραν
1264 2856 1304 2887 Μ
1339 2859 1351 2893 Η
1384 2854 1594 2896 ἀρκεσόμενοε
1611 2854 1659 2885 L:

201 2908 370 2951 ἀρκέμενος
387 2909 442 2941 Fr.
492 2915 505 2949 Η
558 2919 595 2951 25
620 2909 697 2950 ἁνὴρ
716 2909 790 2942 Cob.
807 2921 813 2941 :
838 2909 855 2941 ὁ
872 2908 952 2949 ἀνὴρ
967 2910 992 2941 C
1009 2909 1056 2941 St.
1074 2921 1079 2939 ε
1104 2908 1185 2948 ἀνὴρ
1201 2909 1290 2949 vulg.
1338 2911 1349 2945 Η
1401 2907 1439 2938 26
1457 2905 1546 2946 δόξης
1563 2906 1619 2937 Fr.
