1893 3230
759 231 861 260 ΠΕΡΙ
891 231 1071 261 ΦΥΣΕΩΣ.
1594 226 1641 259 27

806 359 1017 400 LXVIII.

178 440 351 501 Ψυχῇσι
386 438 476 502 γὰρ
504 437 690 488 Θάνατος
721 439 827 501 ὕδωρ
861 440 1077 499 γενέσθαι,
1112 439 1233 484 ὕδατι
1262 439 1305 484 δὲ
1342 437 1527 488 Θάνατος
1562 443 1641 498 γῆν

178 514 395 574 γενέσθαι·
432 515 475 558 ἐκ
501 519 579 573 γῆς
605 513 648 559 δὲ
672 512 780 577 ὕδωρ
807 515 990 574 γίνεται,
1016 513 1065 574 ἐξ
1087 513 1242 563 ὕδατος
1267 513 1311 559 δὲ
1336 511 1478 575 ψυχή.

175 661 306 686 sumus
334 661 466 685 eorum
486 647 588 693 vita;
626 648 697 685 sub
726 647 942 696 aenigmate
971 650 1108 685 notans
1138 647 1308 696 corporis
1332 647 1451 684 vitam
1476 648 1639 683 mortem

174 726 254 751 esse
283 713 444 755 animae,
465 717 627 751 mortem
651 717 780 750 autem
807 713 950 750 dictam
970 713 1092 751 vitam
1119 712 1378 749 felicissimam
1405 726 1447 749 ac
1476 711 1640 762 primam

173 780 572 818 animae—sssaximus
592 780 679 830 Tyr.
700 794 736 818 X.
760 794 794 827 4,
816 794 851 830 p.
874 789 944 828 107
968 794 975 817 ζ
1007 783 1128 817 σκόπει
1150 782 1202 816 καὶ
1222 782 1280 816 τὸν
1297 780 1530 827 Ἡράκλειτον·
1561 781 1640 815 Θεοὶ

173 847 297 893 θνητοί,
313 848 483 894 ἅνθρωποι
498 847 821 884 ἀθάνατοι-ΜΘΗ]
839 846 904 884 xli.
924 860 958 893 4,
974 860 1010 896 p,
1030 848 1106 894 489
1125 859 1131 883 :
1162 847 1361 893 μεταβολὴν
1377 849 1458 893 ὁρᾷς
1473 846 1640 890 σωμάτων

172 914 225 948 καὶ
244 913 410 960 γενέσεως
430 912 594 960 ἀλλαγήν,
611 914 690 949 ὁδὸν
704 915 770 948 ἶίνω
786 914 839 948 καὶ
858 914 956 958 κάτω,
973 913 1054 947 κατὰ
1069 913 1126 948 τὸν
1146 912 1380 958 Ἡράκλειτον·
1412 912 1464 946 καὶ
1483 909 1577 946 αὖθις
1597 909 1639 945 αὖ

173 979 298 1021 ζῶντας·
330 979 391 1021 μὲν
420 979 480 1014 τὸν
499 978 631 1013 ε’κείνων
664 978 817 1021 θάνατον,
851 977 1129 1022 ἀποθνήσκοντας
1167 978 1201 1012 δὲ
1232 978 1292 1022 τὴν
1325 975 1460 1011 ἐκείνων
1497 974 1638 1020 ζωήν-

171 1041 389 1078 Numenius
418 1055 478 1091 ap.
508 1041 692 1091 Porphyr.
714 1042 761 1079 dc
781 1042 908 1079 Antro
929 1041 1086 1091 nymph.
1106 1054 1152 1079 10
1171 1055 1178 1078 :
1210 1044 1263 1077 καὶ
1282 1042 1439 1087 ἀλλαχοῦ
1460 1041 1496 1075 δέ
1517 1041 1635 1086 φάναι·

171 1109 236 1152 Ζῆν
249 1108 332 1153 ἡμᾶς
346 1109 405 1143 τὸν
419 1108 551 1143 ἐκείνων
566 1109 709 1143 θάνατον
724 1109 776 1143 καὶ
797 1110 854 1152 ζῆν
869 1108 993 1144 ἐκείνας
1011 1111 1069 1143 τὸν
1083 1108 1245 1154 ἡμέτερον
1261 1104 1637 1142 dearov—-Clemens

170 1169 284 1209 Alex.
305 1171 416 1209 Paed.
437 1171 490 1210 iii.
511 1185 541 1214 Ι,
562 1185 598 1221 p.
623 1181 693 1219 251
714 1185 720 1209 :
753 1173 860 1219 ὀρθῶς
879 1173 944 1220 ἄρα
963 1170 1055 1208 εἶπεν
1072 1172 1306 1219 Ἡράκλειτος·
1342 1171 1538 1217 ’Ἄνθρωποι
1554 1171 1636 1214 θεοί,

169 1237 239 1273 θεοὶ
259 1237 440 1284 ἅνθρωποι.
489 1240 593 1285 λόγος
611 1239 677 1285 γὰρ
697 1241 715 1273 ὁ
736 1239 837 1274 αὐτὸς·
861 1234 983 1289 [ωὐτὸς
1002 1236 1105 1285 vulg.
1127 1249 1222 1274 corr.
1244 1232 1431 1287 Bernays]
1451 1236 1638 1282 μυστήριον

169 1302 328 1348 ἐμφανές·
360 1303 436 1340 θεὸς
464 1304 499 1338 ἐν
527 1303 691 1352 ἀνθρώπῳ
711 1304 762 1338 καὶ
792 1305 810 1338 ὁ
839 1303 1015 1350 ἅνθρωπος
1036 1300 1408 1350 &eds—Hippolytus
1429 1299 1511 1337 Res.
1532 1299 1634 1337 haer.

166 1366 217 1404 ix.
257 1379 327 1404 10:
358 1369 452 1415 λέγει
482 1369 518 1404 δέ
547 1369 825 1416 ὁμολογουμένως
854 1370 892 1404 τὸ
921 1368 1087 1404 ἀθάνατον
1115 1365 1197 1402 εἶναι
1227 1368 1346 1411 θνητὸν
1371 1368 1423 1402 καὶ
1450 1368 1489 1401 τὸ
1519 1366 1638 1411 θνητὸν

165 1432 332 1474 ἀθάνατον
351 1433 405 1468 διὰ
423 1437 489 1469 τῶν
508 1433 669 1469 τοιούτων
687 1436 811 1481 λόγων·
839 1433 1018 1469 Ἀθάνατοι
1039 1433 1162 1478 θνητοί,
1184 1433 1296 1477 θνητοὶ
1326 1432 1494 1476 ἀθάνατοι,
1517 1433 1637 1475 ζῶντες

165 1499 224 1533 τὸν
252 1498 384 1533 ἐκείνων
412 1499 554 1534 θάνατον
581 1501 638 1534 τὸν
667 1500 702 1534 δέ
731 1500 864 1535 ἐκείνων
891 1500 969 1541 βίον
995 1496 1432 1535 τεθνεῶτες-ΗῙΘΥΟΟῙΘΞ
1466 1496 1506 1532 in
1537 1495 1632 1533 Aur.

167 1574 282 1599 carm.
308 1576 355 1610 24
372 1576 379 1600 t
410 1564 504 1599 ἔνθεν
524 1566 576 1600 καὶ
595 1564 732 1611 λέγεται
753 1565 862 1611 ὀρθῶς
881 1565 946 1600 ὑπὸ
965 1564 1190 1611 (Ηρακλείτου
1218 1563 1269 1599 ὅτι
1300 1565 1406 1607 ζῶμεν
1425 1563 1484 1597 τὸν
1502 1562 1636 1597 ἐκείνων

167 1628 316 1674 θάνατον,
347 1629 551 1674 τεθνήκαμεν
578 1630 614 1664 δέ
642 1630 702 1664 τὸν
729 1630 862 1665 ἐκείνων
889 1627 1245 1670 Biora—Heraclitus
1274 1624 1402 1675 Alleg.
1431 1626 1546 1663 Hom.
1571 1638 1632 1672 24,

165 1705 203 1742 p.
229 1701 274 1740 51
301 1693 483 1730 BIehlel¹.:
519 1697 538 1729 ὁ
566 1697 649 1741 γοῦν
678 1696 850 1731 σκοτεινὸς
877 1694 1100 1741 εΗράκλεντος
1129 1694 1250 1740 ἀσαφῆ
1280 1694 1332 1728 καὶ
1361 1693 1415 1727 διὰ
1445 1694 1633 1737 συμβόλων

165 1759 355 1803 εἰκάζεσθαι
384 1760 548 1804 δυνάμενα
577 1760 735 1806 θεολογεῖ
761 1761 802 1794 τὰ
831 1760 964 1806 φυσικὰ
993 1758 1034 1794 δι’
1064 1759 1110 1794 ὧν
1129 1759 1230 1805 φησί·
1280 1759 1359 1793 Θεοὶ
1382 1757 1497 1802 θνητοί
1524 1756 1552 1792 τ’
1574 1756 1632 1791 ἶίν-

165 1825 295 1870 θρωποι
323 1824 492 1870 ἀθάνατοι,
515 1826 633 1868 ζῶντες
661 1827 719 1860 τὸν
738 1825 871 1860 ἐκείνων
894 1825 1046 1869 θάνατον,
1069 1824 1272 1868 θνήσκοντες
1299 1824 1360 1868 τὴν
1381 1824 1515 1858 ἐκείνων
1534 1822 1630 1867 ζωήν·

166 1890 218 1925 καὶ
241 1891 355 1925 πάλιν·
385 1892 557 1935 Ποταμοῖς
575 1892 646 1927 τοῖς
665 1891 777 1926 αὐτοῖς
806 1889 1007 1935 ἐμβαίνομέν
1036 1904 1073 1924 τε
1102 1890 1156 1924 καὶ
1175 1890 1235 1924 οὐκ
1254 1889 1464 1933 ἐμβαίνομεν,
1487 1885 1577 1932 εἶμέν
1595 1903 1632 1923 τε

163 1956 216 1991 καὶ
235 1957 295 1991 οὐκ
314 1952 414 2001 εἶμεν.
445 1955 528 1991 ὅλον
554 1970 591 1990 τε
619 1957 658 1991 τὸ
686 1957 770 2002 περὶ’
787 1955 929 2002 φύσεως
956 1955 1208 2001 αἷνιγματώὸως
1235 1952 1630 2002 ἀλληγορεῖ-ΒΘΞΡῘΟ.

164 2019 358 2057 Lueianus
377 2019 454 2057 Vit.
480 2023 577 2075 aupt.
606 2032 650 2066 14
668 2036 676 2062 ;
718 2018 794 2056 Dio
817 2019 972 2056 Cassius
991 2019 1058 2057 frr.
1080 2019 1268 2064 i—xxxv,
1288 2031 1319 2056 c.
1343 2031 1404 2067 30,
1425 2022 1453 2056 t.
1473 2017 1498 2055 i.
1519 2031 1554 2067 p.
1580 2030 1631 2064 40

163 2084 280 2123 Dind.
301 2100 308 2123 :
340 2087 369 2122 εἷ
387 2088 454 2134 γὰρ
476 2088 527 2122 δεῖ
544 2086 584 2131 δὴ
603 2102 635 2122 τι
662 2090 715 2122 καὶ
734 2087 986 2134 θρασυνόμενον
1006 2087 1120 2131 εἰπεῖν,
1141 2086 1209 2121 οὔτ’
1230 2086 1406 2132 ἅνθρωπος
1426 2086 1524 2120 οὐδέν
1542 2084 1632 2119 ἄλλο

161 2152 259 2187 ἐστὶν
277 2151 296 2197 ἢ
317 2151 392 2188 θεὸς
412 2155 511 2195 σῶμα
530 2152 650 2197 θνητὸν
669 2153 766 2198 ἔχων,
788 2154 865 2187 οὕτε
885 2152 961 2188 θεὸς
979 2152 1070 2187 ἄλλο
1088 2167 1120 2187 τι
1139 2151 1158 2197 ἢ
1180 2151 1356 2198 ἅνθρωπος
1379 2151 1560 2195 ἀσώματος
1579 2150 1632 2184 καὶ

162 2217 218 2251 διὰ
245 2220 345 2251 τοῦτο
374 2218 426 2251 καὶ
455 2215 840 2253 &edumas—Hermes
869 2228 929 2265 ap.
962 2215 1068 2252 Stob.
1099 2215 1182 2253 Essl.
1211 2214 1236 2252 i.
1270 2227 1330 2263 39,
1360 2227 1398 2264 p.
1432 2215 1531 2262 768:
1579 2215 1632 2249 διὸ

162 2282 349 2327 τολμητέον
382 2283 486 2318 εἰπεῖν
517 2283 576 2317 τὸν
602 2282 663 2327 μὲν
691 2282 868 2328 ἄνθρωπον
895 2282 1045 2329 ἐπίγειον
1073 2279 1156 2317 εἶναι
1185 2281 1304 2326 θνητὸν
1332 2281 1420 2326 θεόν,
1450 2282 1508 2316 τὸν
1536 2280 1564 2315 δ’
1597 2281 1631 2315 ἐν

161 2348 291 2396 οὐρανῷ
312 2347 389 2383 θεὸν
407 2347 571 2383 ἀθάνατον
589 2345 932 2394 ἅνθρωπον-Ῑίῖθῐᾙ
952 2345 1156 2383 Poemand.
1184 2358 1242 2391 12,
1262 2358 1300 2395 p.
1328 2357 1402 2381 100
1423 2344 1601 2393 Parthey.
1619 2360 1627 2381 :

161 2415 180 2447 ὁ
200 2413 326 2460 ἀγαθὸς
345 2414 472 2458 δαίμων
492 2414 569 2450 τοὺς
587 2414 647 2459 μὲν
665 2413 762 2450 θεοὺς
788 2410 880 2448 εἶπεν
899 2412 1083 2449 ἀθανάτους
1103 2412 1311 2459 ἀνθρώπους,
1330 2412 1409 2448 τοὺς
1437 2411 1473 2446 δέ
1502 2411 1628 2457 ἀνθρὼ-

160 2492 244 2514 πους
264 2478 361 2514 θεοὺς
379 2478 529 2523 θνητούς.

216 2553 361 2580 vam.
392 2541 506 2580 Philo
530 2543 577 2580 de
603 2542 751 2580 Incorr.
778 2541 915 2580 mundi
939 2554 1000 2584 21,
1021 2555 1058 2592 p.
1080 2551 1183 2590 509:
1224 2541 1261 2576 εὖ
1289 2542 1342 2576 καὶ
1370 2544 1388 2576 ὁ
1407 2541 1629 2587 Ἡράκλειτος

160 2610 196 2644 ἐν
224 2606 274 2645 οἷς
292 2611 393 2656 φησι·
440 2611 558 2656 Ψυχῆς
586 2609 728 2644 θάνατον
756 2608 846 2656 ὕδωρ
874 2608 1043 2656 γενέσθαι,
1065 2606 1188 2644 ὕδατος
1216 2607 1357 2642 θάνατον
1375 2608 1438 2653 γῆν
1458 2607 1628 2653 γενέσθαι.

160 2675 281 2722 ψυχὴν
298 2676 364 2722 γὰρ
384 2676 533 2721 οἰόμενος
560 2672 643 2710 εἶναι
661 2676 700 2710 τὸ
725 2678 866 2720 πνεῦμα,
885 2675 945 2720 τὴν
963 2674 1024 2720 μὲν
1043 2674 1140 2720 ἀέρος
1159 2673 1319 2717 τελευτὴν
1337 2672 1471 2719 γένεσιν
1495 2670 1627 2716 ὕδατος,

161 2739 222 2784 τὴν
241 2740 276 2774 δέ
302 2739 422 2776 ὕδατος
444 2742 506 2787 γῆς
527 2741 632 2776 πάλιν
650 2740 785 2787 γένεσιν
804 2741 992 2775 αἰνίττεται·
1033 2739 1175 2774 θάνατον
1194 2740 1233 2773 οὐ
1256 2738 1316 2783 τὴν
1335 2738 1480 2772 εἷσάπαν
1498 2737 1628 2784 ἀναίρε-

162 2819 219 2840 σιν
237 2805 406 2850 ὀνομάζων
424 2805 514 2840 ἀλλὰ
532 2806 593 2850 τὴν
611 2805 658 2841 εἷς
679 2805 791 2852 ’ἕτερον
812 2807 984 2851 στοιχεῖον
997 2802 1439 2850 μεταβολήν-Αΐίεἴίίῖθε
1461 2801 1625 2849 Quintil.

162 2868 201 2915 ii,
223 2882 258 2918 p.
285 2870 358 2906 106
381 2869 497 2907 Meib.
520 2868 586 2920 (ad
612 2869 657 2908 fr.
678 2869 865 2910 LXXIV
885 2869 1201 2921 cit.)—Clemens
1221 2868 1331 2906 Alex.
1356 2868 1498 2906 Strom.
1517 2867 1566 2905 vi.
1593 2880 1626 2910 2,

163 2947 199 2985 p.
231 2936 330 2983 746:
362 2934 518 2982 Ὀρφέως
545 2937 582 2971 δέ
609 2935 823 2981 ποιήσαντος·
854 2935 980 2972 ’Ἔστιν
1007 2935 1097 2982 ὕδωρ
1127 2937 1226 2983 ψυχῇ
1257 2936 1398 2972 θάνατος
1425 2934 1620 2981 <ψυχὴ>
