1893 3230
229 245 278 278 30
708 248 990 277 HPAKAEITOY
1020 248 1207 278 ΕΦΕΣῙΟΥ

859 392 1060 434 LXXIV.

225 475 320 528 Αὕη
346 473 474 536 ψυχὴ
499 472 746 537 σοφωτάτη
770 474 838 519 καὶ
865 475 1039 536 ἀρίστη.

874 605 1050 646 LXXV.

223 690 246 734 †
263 684 392 746 Αὔγη
417 685 522 750 ξηρὴ
548 685 676 749 ψυχὴ
702 685 948 750 σοφωτάτη
974 687 1040 731 καὶ
1067 687 1283 750 ἀρίστη.Τ

276 865 416 891 LXXIV.
446 853 673 891 Plutarchus
703 853 853 891 Romul.
892 856 958 890 28:
1004 853 1084 899 αὕτη
1113 856 1178 901 γὰρ
1207 855 1306 901 ψυχὴ
1336 855 1418 900 ξηρὴ
1447 853 1580 899 ἀρίστη,
1610 853 1682 889 καθ’

219 919 450 966 Ἶ-Ιράκλειτον,
482 921 599 966 ὥσπερ
628 919 785 966 ἀστραπὴ
815 919 938 965 νέφους
966 920 1167 965 διαπταμένη
1201 922 1261 954 τοῦ
1292 921 1448 965 σώματος
1479 918 1594 966 (=f1·.
1631 919 1680 967 63

223 981 820 1033 Schleiermacher.)-—Aristides
854 982 1017 1030 Quintil.
1051 983 1091 1030 ii,
1125 997 1160 1033 p.
1203 985 1294 1021 106:
1334 985 1428 1031 λέγει
1458 985 1496 1019 δέ
1531 984 1598 1019 πού
1631 999 1683 1019 τοι

221 1050 273 1084 καὶ
302 1052 320 1084 ὁ
354 1051 468 1096 σοφὸς
494 1049 716 1095 Ἡράκλειτος
743 1049 856 1083 τοιάδε
885 1049 944 1083 οὐκ
973 1049 1119 1094 ἀπᾴδων·
1163 1050 1222 1094 τὴν
1249 1049 1309 1094 μὲν
1341 1050 1406 1096 γὰρ
1436 1048 1473 1084 εὖ
1505 1049 1683 1085 παθοῦσαν

221 1115 256 1148 ἐν
275 1114 381 1161 αἰθέρι
401 1115 511 1159 δηλῶν
530 1115 647 1160 φησιν·
679 1116 747 1159 Αὕη
769 1115 852 1161 ξηρὴ
872 1116 1068 1160 σοφωτάτη.
1125 1115 1185 1159 τὴν
1211 1114 1238 1149 δ’
1261 1115 1325 1150 ὑπὸ
1353 1116 1412 1159 τῆς
1439 1112 1552 1161 ἀερίου
1581 1115 1683 1159 ζάλης

219 1195 256 1214 τε
290 1181 343 1214 καὶ
376 1180 628 1224 ἀναθυμιάσεως
658 1179 864 1223 θολουμένην
892 1179 1047 1225 ἐμφαίνει
1074 1179 1195 1226 λέγων·
1239 1179 1357 1225 Ψυχὴν
1385 1179 1528 1213 θανάτου
1557 1178 1682 1225 ὑγρῇσι

219 1244 376 1291 γενέσθαι
406 1242 457 1293 (v.
488 1243 669 1280 Meibom.
700 1243 748 1279 ad
777 1243 1155 1293 loe.)—Porphyrius
1189 1243 1235 1280 de
1264 1242 1389 1280 Antro
1418 1241 1575 1291 nymph.
1610 1254 1679 1279 11:

218 1310 319 1346 αὐτὸς
348 1310 386 1343 δέ
413 1311 522 1355 φησιν
548 1309 780 1355 “Ηράκλειτος·
818 1311 911 1355 Ξηρὰ
938 1309 1038 1355 ψυχὴ
1069 1310 1265 1355 σοφωτάτη.
1324 1309 1376 1343 διὸ
1405 1309 1571 1343 κάνταῦθα
1598 1308 1681 1343 κατὰ

217 1375 278 1411 τὰς
306 1376 364 1419 τῆς
395 1375 517 1419 μίξεως
550 1374 724 1419 ἐπιθυμίας
759 1374 896 1421 δίυγρον
929 1375 980 1408 καὶ
1014 1376 1237 1420 νοτερώτερον
1264 1372 1442 1420 γίγνεσθαι
1470 1374 1508 1408 τὸ
1537 1376 1678 1419 πνεῦμα,

217 1440 322 1485 ἀτμὸν
358 1440 587 1487 ἐφελκομένης
625 1441 762 1487 δίυγρον
795 1441 854 1484 τῆς
883 1441 1001 1486 ψυχῆς
1033 1440 1068 1474 ἐκ
1098 1442 1158 1484 τῆς
1188 1441 1274 1487 πρὸς
1309 1440 1444 1487 γένεσιν
1479 1440 1680 1477 νεύσεως-

217 1503 400 1553 Synesius
429 1504 475 1541 de
504 1504 673 1541 Insomn.
698 1517 733 1553 p.
762 1516 836 1550 140
855 1503 893 1540 A
914 1504 1063 1541 Petav.:
1104 1506 1157 1539 καὶ
1185 1507 1284 1539 τοίτο
1312 1504 1376 1551 ἄρα
1404 1505 1422 1549 ἡ
1451 1505 1570 1550 ψυχῆς
1597 1505 1677 1540 πτέ-

216 1586 333 1617 ρωσις,
354 1574 392 1605 τό
412 1585 447 1605 τε
468 1569 520 1605 αὖ·
549 1571 632 1617 ξηρὴ
662 1570 760 1616 ψυχὴ
790 1569 897 1616 σοφή,
917 1571 1001 1616 πρὸς
1031 1570 1128 1604 οὐδὲν
1155 1570 1244 1604 ἄλλο
1271 1572 1319 1617 τῷ
1335 1568 1547 1617 “Ηρακλεἰ’τῳ
1570 1572 1679 1604 τεῖνον

217 1634 659 1683 εὑρίσκομεν-Ξῖοὒξὶθυὸ
693 1634 825 1671 Floril.
857 1647 891 1671 V.
927 1646 1000 1671 120
1034 1633 1137 1683 (post
1170 1633 1215 1670 fr.
1251 1632 1460 1683 LXXIII):
1505 1636 1566 1678 αὕη
1595 1634 1678 1680 ξηρὴ

217 1702 317 1748 ψυχὴ
347 1703 534 1748 σοφωτάτη
564 1702 616 1735 καὶ
643 1699 962 1748 άρίστη-(Ἡγοᾶὃ
991 1698 1096 1737 Ann.
1125 1698 1149 1745 i,
1178 1712 1213 1748 p.
1247 1708 1295 1746 74
1318 1698 1350 1735 Β
1371 1697 1484 1748 (COnf.
1511 1699 1584 1735 116
1597 1696 1675 1749 A):

218 1767 274 1813 ἐφ’
295 1764 320 1815 ᾧ
338 1767 390 1800 καί
408 1782 458 1803 τις
478 1768 598 1813 σοφός,
620 1763 646 1814 ᾧ
666 1766 768 1811 ὄνομα
785 1766 1015 1812 “Ηράκλειτος,
1037 1766 1148 1812 ἔλεγε·
1179 1765 1277 1811 Ψυχὴ
1298 1764 1459 1812 ξηροτέρη
1480 1763 1675 1811 σοφωτέρη,

218 1832 338 1878 ψυχὴν
374 1832 515 1866 ἐνταῦθα
544 1832 603 1876 τὴν
635 1834 694 1865 τοῦ
729 1831 921 1877 ἐγκεφάλου
959 1832 1106 1867 καλέσας
1143 1828 1466 1878 οὐσίαν-ΒΘΞΡῘΟ.
1500 1827 1677 1866 Clemens

218 1894 329 1932 Alex.
359 1895 518 1944 paedag.
550 1894 589 1931 ii.
623 1907 655 1940 2,
684 1907 720 1943 p.
756 1896 849 1940 184:
893 1894 980 1930 οὕτω
1015 1895 1042 1930 δ’
1073 1895 1111 1929 ἂν
1141 1896 1193 1929 καὶ
1226 1895 1244 1939 ἡ
1278 1895 1378 1941 ψυχὴ
1411 1894 1502 1940 ἡμῶν
1531 1894 1676 1941 ὑπάρξαι

217 1962 345 2008 καθαρὰ
365 1962 416 1995 καὶ
437 1961 521 2006 ξηρὰ
541 1961 593 1995 καὶ
622 1960 820 2006 φωτοειδὴς,
841 1961 926 2007 αὐγὴ
956 1961 991 1994 δέ
1015 1960 1115 2007 ψυχὴ
1142 1960 1227 2006 ξηρὰ
1253 1961 1438 2005 σοφωτάτη
1464 1960 1517 1994 καὶ
1539 1959 1674 2005 ἀρίστη·

214 2025 317 2070 ταύτῃ
338 2026 375 2060 δέ
395 2027 447 2060 καὶ
467 2024 639 2070 ἐποπτικὴ,
660 2026 738 2060 οὐδέ
757 2026 850 2060 ἐστιν
871 2025 1035 2071 κάθυγρος
1057 2027 1129 2061 ταῖς
1149 2025 1184 2059 ε’κ
1207 2027 1266 2059 τοῦ
1289 2023 1381 2059 οἴνου
1410 2024 1675 2069 ἀναθυμιάσεσιν

214 2092 360 2137 νεφέλης
389 2092 482 2135 δίκην
511 2092 829 2136 σωματοποιουμένη
854 2088 906 2139 (V.
937 2089 1086 2126 Muson.
1109 2089 1159 2126 ad
1188 2088 1333 2125 LXXV
1353 2086 1671 2138 Cib.)-—EuS‘tath.

213 2154 254 2192 in
284 2155 329 2191 ΙΙ.
359 2154 467 2191 xxiii.
499 2156 584 2200 261,
612 2167 650 2203 p.
677 2167 790 2204 1299,
826 2164 870 2203 17
903 2154 959 2191 ed.
992 2154 1124 2191 Rom:
1164 2155 1208 2199 μὴ
1241 2155 1388 2190 λεπτοὺς
1418 2155 1477 2189 τὸν
1509 2157 1586 2189 νοῦν
1619 2155 1673 2188 καὶ

212 2221 302 2264 ὀξεῖς
320 2222 401 2266 μηδὲ
422 2219 510 2257 οἵους
530 2221 686 2267 ἀρέσκειν
704 2224 750 2269 τῷ
773 2221 898 2255 εἰπόντι
918 2220 968 2255 ὅτι
988 2220 1071 2266 ξηρὴ
1092 2220 1192 2267 ψυχὴ
1213 2220 1412 2265 σοφωτάτη.

266 2296 387 2323 LXXV.
417 2285 527 2322 Philo
557 2298 616 2334 ap.
647 2285 786 2322 Euseb.
818 2285 857 2321 P.
881 2284 923 2321 E.
954 2284 1034 2321 viii.
1071 2297 1129 2330 14,
1158 2296 1196 2332 p.
1230 2295 1304 2331 399
1337 2281 1401 2332 (ad
1429 2281 1474 2320 fr.
1504 2281 1674 2320 LXXVI

210 2349 551 2400 cit.)-——Musonius
572 2362 630 2399 ap.
654 2349 761 2387 Stob.
785 2349 915 2387 Floril.
939 2348 1030 2386 xvii.
1054 2361 1122 2397 43:
1154 2348 1241 2384 οὕτω
1270 2347 1298 2383 δ’
1319 2349 1359 2383 ἂν
1387 2350 1440 2383 καὶ
1468 2349 1528 2392 τὴν
1555 2349 1674 2394 ψυχὴν

210 2415 301 2461 ἡμῶν
319 2417 483 2461 ὑπάρχειν
502 2415 648 2462 καθαράν
667 2431 703 2450 τε
723 2416 777 2450 καὶ
796 2416 910 2461 ξηράν,
932 2416 1031 2450 ὁποία
1059 2414 1146 2449 οὖσα
1174 2413 1296 2460 ἀρίστη
1326 2414 1379 2448 καὶ
1408 2413 1593 2458 σοφωτάτη
1623 2412 1672 2458 εἵη

209 2482 259 2525 ἅν,
281 2482 429 2528 καθάπερ
448 2480 657 2528 Ἡρακλείτῳ
687 2481 776 2515 δοκεῖ
801 2482 935 2527 λέγοντι
964 2479 1079 2516 οὕτως·
1120 2479 1213 2526 Αὐγὴ
1243 2479 1326 2525 ξηρὴ
1355 2478 1455 2524 ψυχὴ
1485 2479 1671 2523 σοφωτάτη

209 2546 261 2579 καὶ
289 2543 696 2591 aptam—Plutarchus
726 2544 772 2580 de
801 2544 881 2580 Esu
910 2556 1011 2581 carn.
1038 2543 1061 2580 i.
1089 2544 1121 2588 6,
1152 2556 1188 2591 p.
1215 2551 1311 2591 995:
1343 2543 1428 2590 αὐγὴ
1458 2542 1540 2589 ξηρὴ
1570 2543 1670 2588 ψυχὴ

208 2611 392 2655 σοφωτάτη
413 2610 494 2643 κατὰ
517 2610 575 2643 τὸν
593 2609 815 2655 “Ηράκλειτον
842 2607 1113 2644 {buxu—Idem
1133 2607 1178 2644 de
1199 2607 1284 2644 Def.
1306 2619 1403 2644 Orac.
1427 2619 1488 2652 41,
1509 2619 1543 2655 p.
1566 2618 1666 2655 432:

249 2763 367 2785 LXXIV.
390 2755 490 2785 Hanc
507 2754 588 2785 dicti
604 2754 740 2785 sormam
759 2753 860 2784 habet
876 2754 943 2784 iam
961 2754 1010 2784 ed.
1027 2753 1291 2784 Trincavelliana
1308 2753 1453 2783 Stobaei.

247 2814 352 2837 LXXV.
376 2806 550 2836 ‘Genuina
574 2806 736 2845 scriptura
761 2816 830 2836 esse
854 2805 987 2835 videtur
1010 2803 1069 2844 αὕη
1090 2804 1179 2845 ψυχὴ
1204 2803 1388 2844 σοφωτάτη,
1405 2807 1444 2834 ut
1460 2814 1501 2834 ex
1524 2803 1666 2835 Stobaeo

202 2857 301 2888 attuli
324 2868 432 2897 supra.
490 2860 538 2887 Ac
562 2857 708 2896 suspicor
730 2856 810 2886 iuud
840 2856 923 2896 αι’νγῆ
951 2856 1119 2896 irrepsisse
1145 2867 1203 2897 pro
1235 2854 1312 2896 αὔης
1353 2855 1439 2896 quod
1467 2855 1586 2896 aliquis
1610 2865 1666 2885 ex-

201 2909 347 2950 posuerit
369 2908 426 2939 illa
450 2919 527 2939 voce
549 2907 637 2948 ξηρή,
665 2907 750 2938 unde
774 2912 846 2939 orta
870 2908 913 2938 sit
938 2907 994 2938 illa
1017 2908 1136 2939 lectio?
1193 2907 1380 2948 Stephanus
1404 2908 1498 2939 Poes.
1523 2906 1602 2947 phil.
1626 2917 1661 2947 p.

205 2971 274 3001 139.
