1893 3230
198 612 216 644 5

180 939 217 961 10

181 1405 217 1437 ¹5

179 1729 219 1752 20

181 2053 219 2085 ²5

239 217 289 251 74
789 227 811 253 A
819 225 1001 253 PPENDIX
1021 238 1078 244 —-
1099 225 1136 252 v.

235 338 276 373 ἂν
293 339 421 384 αὐχμὸς
440 338 582 385 γε’νοιτο.
612 339 671 373 οὐκ
690 337 809 374 ἴσασιν
832 338 883 374 ὅτι
909 339 984 376 θεὸς
1012 340 1048 374 ἐν
1073 341 1189 388 κόσμῳ
1214 339 1346 385 μεγάλα
1371 339 1511 383 σώματα
1538 337 1696 385 ἷατρεῦει,

235 404 390 439 ε’πανισοῖ
408 404 516 438 αὐτῶν
533 404 572 438 τὸ
592 403 748 450 ἅμετρον,
763 405 804 439 τὰ
825 405 1037 451 θρυπτόμενα
1055 406 1208 446 ε’νοποιεῖ,
1225 404 1266 438 τὰ
1280 403 1515 448 ὀλισθήσαντα
1534 403 1694 450 ὑποφθὰς

234 469 350 512 πιέζει,
372 469 510 515 συνάγει
530 469 571 503 τὰ
591 469 806 515 σκιδνάμενα,
828 469 1006 517 φαιδρύνει
1024 471 1066 505 τὰ
1084 470 1227 516 ἀπρεπῆ,
1248 469 1412 515 κατείργει
1438 469 1480 503 τὰ
1507 467 1692 514 ληφθέντα,

236 533 346 567 διώκει
364 533 405 567 τὰ
424 532 605 579 φεύγοντα,
627 534 719 579 φωτὶ
737 535 798 579 μὲν
822 533 1010 579 ἀναλάμπει
1033 535 1072 569 τὸ
1097 535 1252 581 ζοφερόν,
1273 536 1415 580 περατοῖ
1433 533 1469 568 δέ
1487 534 1526 568 τὸ
1545 532 1694 579 ἄπειρον,

236 598 288 632 καὶ
311 599 448 643 μορφὴν
471 598 531 643 μὲν
558 598 739 639 ἐπιβάλλει
766 601 838 635 τοῖς
865 598 1044 645 ἀμόρφοις,
1065 598 1182 646 ὅψεως
1204 599 1239 634 δὲ
1269 599 1503 643 ἀναπίμπλησι
1530 598 1572 633 τὰ
1599 597 1695 633 άναί-

237 662 356 706 σθητα.
386 662 441 696 διὰ
468 662 580 707 πάσης
608 663 673 709 γὰρ
702 664 839 710 ἔρχεται
866 665 924 708 τῆς
953 664 1072 700 οὐσίας
1095 665 1327 710 ἁρμοζόμενος,
1347 664 1516 706 πλάττων,
1536 661 1695 707 διαλύων,

236 726 373 773 πηγνύς,
392 727 490 773 χέων.
522 730 562 763 τὸ
581 728 642 773 μὲν
667 729 771 774 ξηρὸν
794 729 840 765 εἷς
868 729 970 776 ὑγρὸν
992 728 1082 773 τήκει
1111 730 1163 763 καὶ
1186 729 1232 764 εἷς
1261 727 1364 763 λύσιν
1390 728 1471 762 αὐτὸ
1499 726 1694 771 καθίστησι,

236 793 289 827 καὶ
308 792 452 834 λιβάδας
475 793 537 837 μὲν
561 793 709 838 ε’κθυμιᾷ,
730 793 875 839 παχύνει
900 794 936 828 δέ
962 793 1179 840 χαλασθέντα
1203 795 1262 828 τὸν
1287 793 1379 839 άέρα,
1399 794 1451 828 καὶ
1476 795 1629 838 συνεχῶς
1652 792 1695 827 τὰ

236 858 296 901 μὲν
315 857 439 892 ἄνωθεν
458 858 579 902 διώκει,
599 859 641 892 τὸ
661 859 695 893 δὲ
718 859 864 894 κάτωθεν
883 858 999 905 ἶδρῦει.
1027 862 1132 894 ταῖτα
1157 859 1338 903 κάμνοντος
1365 859 1496 902 κόσμου
1523 856 1694 903 θεραπεία.

236 925 353 958 τοῦτον
371 923 437 969 ἐγὼ
455 922 642 968 μιμήσομαι
664 923 699 958 ε“ν
718 923 859 972 ε’μαυτῷ,
878 926 949 961 τοῖς
967 924 995 959 δ’
1015 924 1138 961 ἄλλοις
1156 922 1285 970 χαίρειν
1302 923 1404 969 λε’γω.

918 1039 1014 1078 VII.

290 1126 502 1175 Ἐρμοδώρῳ.
581 1128 797 1173 Πυνθάνομαι
833 1128 1019 1174 Ἐφεσίους
1060 1129 1202 1173 μέλλειν
1238 1127 1449 1174 εἰσηγεῖσθαι
1487 1128 1589 1172 νόμον
1625 1126 1697 1162 κατ’

238 1191 320 1234 ἐμοῦ
353 1192 576 1237 ἀνομώτατον·
621 1193 730 1229 οὐδεὶς
761 1194 826 1240 γὰρ
862 1196 962 1238 νόμος
994 1193 1050 1239 ἐφ’
1084 1195 1165 1235 ἑνός,
1199 1193 1289 1228 ἀλλὰ
1322 1192 1445 1239 κρίσις.
1489 1192 1548 1227 οὒκ
1579 1190 1698 1228 ἴσασιν

237 1255 396 1302 Ἐφέσιοι
417 1257 467 1292 ὅτι
486 1257 599 1304 ἕτερος
619 1258 777 1302 δικαστὴς
796 1258 987 1302 νομοθέτου.
1020 1260 1073 1293 καὶ
1096 1259 1171 1293 τόδε
1200 1258 1343 1302 ι’ίμεινον,
1364 1256 1437 1292 ε’πεῖ
1464 1256 1698 1303 ἀπαθέστερον

237 1323 323 1367 πρὸς
349 1323 476 1366 ἄδηλον
506 1325 564 1357 τὸν
590 1322 760 1367 με’λλοντα
793 1323 941 1369 πράξειν,
972 1326 990 1358 ὀ
1019 1323 1159 1366 δικάζων
1187 1323 1222 1356 δέ
1256 1323 1318 1368 ὀρᾷ
1348 1324 1407 1357 τὸν
1439 1324 1641 1367 κρινόμενον,
1669 1319 1700 1371 ᾧ

239 1387 441 1422 συνάπτεται
474 1389 513 1422 τὸ
545 1387 664 1424 πάθος.
709 1387 812 1423 ἰ’σασί
839 1404 891 1432 με,
924 1387 1127 1434 Ἑρμόδωρε,
1163 1386 1487 1433 συντεχνιτεύσαντά
1524 1401 1582 1422 σοι
1619 1387 1697 1424 τοὺς

238 1454 367 1497 νόμους,
392 1453 472 1495 κᾰμὲ
502 1453 625 1487 ε’λάσαι
653 1451 846 1494 βούλονται,
867 1453 943 1488 ἀλλ’
969 1454 1008 1487 οὐ
1034 1454 1199 1499 πρότερόν
1220 1467 1258 1499 γε
1282 1451 1301 1496 ἦ
1327 1452 1463 1498 ἐλέγξαι
1491 1451 1623 1492 αὐτούς,
1644 1451 1698 1487 ὅτι

236 1518 332 1552 ἄδικα
369 1517 545 1564 ε’γνώκασι,
579 1519 637 1552 τὸν
672 1518 717 1561 μὴ
749 1519 899 1563 γελῶντα
933 1519 985 1553 καὶ
1022 1519 1129 1554 πάντα
1160 1517 1461 1564 μισανθρωποῦντα
1498 1517 1565 1563 πρὸ
1598 1516 1696 1561 ἦλίου

236 1582 391 1619 δύνοντος
418 1582 538 1626 ε’ξιέναι
567 1584 626 1626 τῆς
654 1583 793 1625 πόλεως,
815 1584 917 1617 τοῦτο
947 1583 1138 1627 νομοθετεῖν
1164 1581 1396 1624 βουλεύονται,
1417 1581 1526 1618 οὐδεὶς
1553 1579 1582 1616 δ’
1602 1581 1698 1617 ε’στὶν

237 1650 256 1682 ὀ
284 1648 328 1692 μὴ
356 1649 476 1694 γελῶν,
500 1647 704 1694 Ἐρμόδωρε,
731 1647 748 1691 ἦ
773 1647 1004 1693 Ἡράκλειτος,
1034 1650 1122 1682 ὥστε
1150 1663 1190 1691 με
1219 1646 1430 1682 ε’λαὺνουσιν.
1460 1646 1486 1681 ὦ
1514 1646 1697 1693 ἅνθρωποι,

237 1714 276 1748 οὐ
303 1714 417 1749 θελετε
446 1714 573 1757 μαθεῖν,
595 1714 647 1748 διὰ
670 1711 705 1747 τί
728 1713 778 1748 ἀεὶ
807 1713 1014 1760 ἀγελαστῶ;
1044 1714 1083 1748 οὗ
1102 1717 1212 1758 μισῶν
1240 1713 1445 1759 ἀνθρώπους,
1465 1712 1556 1747 ἀλλὰ
1583 1711 1699 1747 κακίαν

238 1780 357 1815 αὐτῶν.
388 1779 476 1814 οὕτω
495 1780 653 1825 γράψατε
673 1780 733 1813 τὸν
753 1780 867 1823 νόμον,
890 1783 909 1797 “
924 1778 956 1814 εἴ
977 1794 1027 1816 τις
1051 1781 1148 1825 μισεῖ
1174 1779 1296 1819 κακίαν,
1317 1778 1415 1822 ε’ξίτω
1443 1779 1501 1823 τῆς
1528 1773 1697 1821 πόλεως,”

237 1846 290 1879 καὶ
318 1848 450 1891 πρῶτος
479 1844 597 1888 ἔξειμι.
633 1843 935 1890 φυγαδευθήσομαι
964 1845 1003 1879 οὐ
1031 1843 1205 1891 πατρίδος.
1234 1844 1324 1878 ἀλλὰ
1351 1843 1512 1889 πονηρίας
1539 1842 1698 1888 ἅσμενος.

236 1910 478 1956 μεταγράψατε
512 1910 551 1943 τὸ
584 1909 759 1955 διάταγμα.
804 1909 833 1943 εἷ
867 1910 902 1943 δέ
936 1911 1133 1956 ὁμολογεῖτε
1165 1909 1350 1955 Ἐφεσίους
1382 1906 1496 1943 κακίαν
1528 1905 1612 1943 εἶναι
1645 1910 1701 1945 καὶ

239 1975 324 2017 ὑμᾶς
351 1977 455 2019 μισῶ,
484 1977 556 2010 πῶς
583 1975 641 2008 οὐκ
670 1974 710 2008 ἂν
737 1974 803 2020 ἐγὼ
835 1975 1039 2021 δικαιότερος
1072 1973 1250 2018 νομοθέτης
1282 1972 1350 2017 εἴην
1381 1973 1459 2010 τοὺς
1490 1973 1697 2018 ποιήσαντας

237 2039 458 2084 Ἠράκλειτον
486 2039 539 2074 διὰ
574 2039 734 2085 πονηρίαν
762 2039 959 2085 ἆγίλιιστον
993 2038 1112 2085 ε’ξιέναι
1140 2041 1201 2074 τοῦ
1235 2041 1302 2083 ζῆν,
1331 2040 1466 2083 μᾶλλον
1498 2038 1534 2073 δὲ
1564 2038 1699 2085 μυρίαις

239 2104 449 2148 ζημιοῦσθαι,
471 2104 499 2138 εἷ
517 2103 623 2138 πλέον
642 2103 780 2138 ἇνιᾶσθε
810 2104 958 2153 ἀργυρίῳ
987 2106 1226 2150 κολαζόμενοις
1259 2106 1360 2138 τοῦτο
1386 2104 1477 2148 ὑμῶν
1495 2103 1571 2138 ε’στι
1588 2102 1697 2150 φυγή,

237 2171 337 2203 τοῦτο
367 2169 520 2205 θάνατος.
552 2167 727 2213 ήδικήκατέ
755 2184 796 2213 με
825 2169 1031 2215 ἀφελόμενοι
1059 2169 1078 2204 ὃ
1106 2170 1180 2206 θεὸς
1207 2170 1307 2204 ἔδωκε
1335 2170 1388 2204 καὶ
1417 2167 1630 2215 φυγαδεύετί
1654 2183 1698 2214 με

239 2234 367 2271 ἀδίκως.
411 2234 430 2279 ἦ
458 2237 558 2269 τοῦτο
594 2234 677 2278 ὑμᾶς
710 2238 845 2280 πρῶτον
878 2235 1058 2282 ἀγαπήσω,
1087 2236 1139 2271 ὅτι
1171 2250 1236 2280 μου
1268 2236 1307 2270 τὸ
1340 2235 1464 2281 ἥμερον
1496 2233 1697 2280 ἐξεκόψατε,

239 2302 292 2335 καὶ
325 2301 364 2335 οὐ
397 2300 547 2336 παύεσθε
575 2300 854 2346 ε’παγωνιζόμενοι
885 2302 998 2346 νόμοις
1026 2302 1079 2336 καὶ
1107 2301 1329 2348 φυγαδείαις,·
1368 2300 1404 2335 ε“ν
1430 2300 1497 2347 γὰρ
1526 2300 1567 2344 τῇ
1594 2299 1697 2334 πόλει

181 2378 221 2410 30
239 2366 346 2411 με’νων
377 2366 416 2400 οὐ
447 2365 706 2411 πεφυγάδευμαι
739 2365 800 2411 ἀφ’
831 2366 944 2410 ὑμῶνς
989 2367 1054 2401 τίνι
1082 2365 1312 2411 συμμοιχεὺω,
1340 2365 1406 2400 τίνι
1442 2364 1696 2410 συμμιαιφονῶ,

238 2429 301 2466 τίνι
336 2428 529 2474 συμμεθὺω,
563 2429 628 2463 τίνι
662 2428 942 2476 συμφθείρομαι,·
985 2431 1024 2465 οὗ
1061 2428 1206 2476 φθείρω,
1239 2430 1299 2464 οὐκ
1335 2427 1437 2462 ἀδικῶ
1473 2427 1596 2462 οὐδένα
1630 2429 1698 2460 τῶν

239 2495 404 2537 ἁπάντων,
438 2494 539 2537 μόνος
571 2492 636 2536 εἶμὶ
670 2493 705 2527 ε’ν
734 2495 774 2537 τῇ
809 2495 920 2528 πόλει.
964 2493 1101 2540 ἐρημίαν
1127 2493 1229 2537 αὐτὴν
1255 2490 1454 2536 πεποιήκατε
1487 2491 1543 2525 διὰ
1570 2490 1696 2526 κακίας.

241 2558 260 2602 ἡ
292 2558 400 2604 ἀγορὰ
434 2558 524 2602 ὑμῶν
555 2557 781 2603 Ἠράκλειτον
813 2557 940 2604 α’γαθὸν
969 2560 1060 2594 ποιεῖ
1070 2573 1080 2597 ,·
1127 2560 1197 2592 οὔκ·
1239 2557 1330 2591 ἀλλὰ
1357 2556 1577 2603 Ἡράκλειτος
1612 2555 1698 2602 ὑμᾶς

240 2624 351 2658 πόλιν.
394 2621 471 2656 ἀλλ’
506 2622 566 2656 οὐκ
597 2621 748 2657 ἐθέλετε.
793 2623 860 2669 ἐγὼ
888 2623 950 2667 μὲν
976 2621 1155 2668 βούλομαι,
1186 2621 1238 2658 καὶ
1270 2623 1370 2667 νόμος
1401 2622 1469 2666 εἷμὶ
1494 2620 1621 2665 mov,
1650 2618 1698 2658 εἷς

289 2776 304 2797 2
323 2766 469 2797 ἐπανισοΐ
480 2766 631 2798 Hercher
647 2777 653 2796 τ
680 2764 838 2797 {nauteam
853 2765 891 2800 B,
908 2765 997 2806 vulg.
1034 2769 1046 2803 ΙΙ
1083 2764 1319 2804 ὀλισθήσονταὲ
1352 2769 1365 2804 ΙΙ
1402 2775 1420 2806 3
1437 2764 1652 2806 διαληφθὲντα
1666 2764 1698 2796 Β

246 2822 258 2856 ΙΙ
279 2829 296 2860 5
315 2817 427 2859 ὅψεως]
442 2817 567 2858 ὀρέξεως
578 2818 607 2849 Β
622 2829 627 2848 :
654 2818 728 2848 fort.
741 2816 922 2857 φρονήσεως
941 2821 953 2854 ΙΙ
972 2816 992 2848 6
1008 2815 1170 2856 πλήττων,
1180 2815 1390 2856 ἁρμοζόμενος
1402 2817 1490 2858 vulg.
1505 2829 1511 2848 ε
1535 2816 1696 2857 πλάττον,

242 2869 451 2911 ἁρμοζόμενος
467 2871 511 2900 W
526 2882 533 2901 :
556 2868 717 2905 πλάττων,
733 2867 876 2908 ἁρμόζων
893 2868 922 2899 Β
991 2872 1003 2905 ΙΙ
1076 2877 1113 2908 13
1131 2868 1182 2899 ὅδε
1197 2868 1339 2907 ἀμείνων,
1358 2868 1423 2899 ἐπεὶ
1439 2867 1651 2910 ἀπαθέστεροι
1666 2868 1697 2900 Β

245 2927 257 2959 11
280 2933 318 2962 23
335 2921 478 2963 ἔφεσὶουε
494 2922 564 2953 cod.
582 2921 663 2958 Pal„
682 2921 710 2952 B
725 2932 730 2951 ;
756 2919 893 2960 ε’φεσίοις
910 2920 999 2961 vulg.
1027 2923 1040 2956 l!
1069 2920 1107 2951 26
1125 2920 1167 2961 εἰ]
1186 2920 1251 2952 ἐπεὶ
1270 2920 1298 2951 Β
1323 2924 1336 2958 ΙΙ
1363 2930 1403 2961 34
1418 2920 1493 2952 fort.
1507 2918 1599 2961 ἄλλῳ
