1893 3230
191 228 208 262 l
217 228 239 262 4
672 229 951 258 HPAKAEITOY
982 228 1168 258 ΕΦΕΣΙΟΥ

811 376 1030 417 XXXIII.

243 457 454 512 Diogenes
492 457 631 498 Laerta
669 455 696 497 i.
733 469 811 511 23:
862 459 968 498 δοκεῖ
999 458 1040 498 δὲ
1078 456 1181 511 (scil.
1218 455 1375 513 Θαλῆς)
1410 455 1506 497 κατά
1540 472 1651 499 τινας

185 530 334 579 πρῶτος
356 528 650 579 ἀστρολογῆσαι
679 525 740 566 καὶ
765 526 931 576 ἡλιακὰς
961 526 1160 578 ἐκλείψεις
1186 525 1246 566 καὶ
1271 527 1416 577 τροπὰς
1438 528 1651 577 προειπεῖν,

188 597 238 638 ὥς
261 601 386 648 φησιν
409 596 588 649 Εὔδημος
615 596 657 635 ἐν
677 594 722 644 τῇ
753 594 842 645 περὶ
870 597 946 634 τῶν
968 592 1343 646 ἇστρολογουμένων
1367 594 1528 648 ἱστορίᾳ·
1562 594 1652 634 ὅθεν

187 665 305 707 αὐτὸν
335 667 397 707 καὶ
430 666 662 719 Ξενοφάνης
694 666 756 706 καὶ
785 663 1003 717 “Ηρόὸοτος
1034 664 1232 716 θαυμάζει.
1273 668 1461 717 μαρτυρεῖ
1485 662 1516 704 δ’
1550 664 1651 720 αὐτῷ

187 735 249 775 καὶ
269 733 528 786 Ἡράκλειτος
550 734 612 774 καὶ
634 735 889 786 Δημόκριτος.

818 823 1026 866 XXXIV.

244 903 493 945 Plutarchus
524 903 607 945 Qu.
640 904 748 945 Plat.
770 903 856 945 viii.
882 917 924 954 4,
946 918 986 957 p.
1018 912 1151 955 1007:
1189 904 1308 946 οὕτως
1339 903 1407 944 οὖν
1436 903 1653 956 ἀναγκαίαν

186 973 282 1026 πρὸς
311 973 380 1014 τὸν
409 973 575 1024 οὐρανὸν
604 973 707 1027 ἔχων
729 972 964 1024 συμπλοκὴν
991 973 1054 1012 καὶ
1082 971 1330 1024 συναρμογὴν
1355 973 1375 1012 ὁ
1406 972 1547 1025 χρόνος
1579 972 1653 1026 οὐχ

189 1044 322 1085 ἁπλῶς
349 1043 434 1082 ἐστι
461 1044 610 1093 κίνησις
637 1040 742 1092 ἀλλ’,
768 1042 900 1093 ὥσπερ
930 1042 1088 1094 εἴρηται,
1122 1041 1273 1091 κίνησις
1302 1041 1346 1081 ἐν
1375 1039 1483 1091 τάξει
1512 1040 1654 1093 μέτρον

188 1112 334 1166 ἐχούσῃ
364 1111 425 1151 καὶ
453 1110 601 1164 πέρατα
633 1109 694 1151 καὶ
726 1111 939 1161 περιόδους.
1001 1110 1054 1150 ὧν
1083 1110 1102 1148 ὁ
1133 1110 1244 1160 ἥλιος
1273 1108 1481 1161 ἐπιστάτης
1510 1108 1565 1150 ὢν
1591 1109 1653 1150 καὶ

190 1180 349 1228 σκοπός,
387 1180 526 1231 ὁρίζειν
559 1179 620 1219 καὶ
655 1179 872 1231 βραβεύειν
907 1178 967 1218 καὶ
1009 1179 1278 1219 ἀναδεικνύναι
1315 1178 1377 1218 καὶ
1419 1179 1654 1231 ἀναφαίνειν

189 1250 417 1299 μεταβολὰς
459 1248 520 1288 καὶ
563 1248 679 1298 ὥρας
722 1247 768 1287 αἲ
798 1246 949 1287 πάντα
989 1247 1207 1299 φέρουσι,
1251 1245 1337 1287 καθ’
1376 1245 1652 1298 (Ηράκλειτον,

189 1317 277 1357 οὐδὲ
310 1318 474 1368 φαύλων
506 1316 595 1356 οὐδὲ
630 1319 791 1367 μικρῶν,
826 1316 932 1356 ἀλλὰ
963 1319 1041 1356 τῶν
1076 1316 1275 1368 μεγίστων
1313 1316 1374 1356 καὶ
1415 1314 1655 1367 κυριωτάτων

190 1386 241 1440 τῷ
275 1385 437 1438 ἡγεμόνι
468 1385 530 1425 καὶ
561 1385 698 1439 πρώτῳ
731 1384 804 1440 θεῷ
837 1385 988 1437 γίνεται
1019 1385 1219 1436 συνεργός.

832 1479 1013 1520 XXXV.

192 1559 472 1611 Διδάσκαλος
519 1560 562 1606 δὲ
616 1561 838 1606 πλείστων
886 1559 1118 1609 “Ησιόὃος·
1177 1565 1337 1607 τοῦτον
1391 1561 1653 1607 ἐπίστανται

190 1643 386 1682 πλεῖστα
423 1635 586 1691 εἰδέναι,
623 1636 749 1685 ὅστις
785 1636 939 1698 ἡμέρην
973 1635 1043 1680 καὶ
1083 1635 1293 1698 εὐφρόνην
1328 1636 1400 1681 οὐκ
1435 1637 1653 1697 ἐγίνωσκε·

191 1712 290 1758 ἔστι
328 1710 417 1774 ’γὰρ
454 1713 509 1758 ἕν.

191 1849 369 1885 ἀνατολαῖς
398 1849 545 1894 ὑπάρχῃ,
575 1848 755 1883 ἇνάπτεται
789 1848 843 1881 διὰ
874 1848 934 1891 τὴν
968 1847 1077 1882 ἐκεῖσε
1111 1847 1309 1893 θερμότητα,
1345 1847 1426 1882 ὅταν
1454 1847 1490 1882 δὲ
1520 1847 1556 1882 ἐν
1584 1849 1658 1883 ταῖς

192 1915 335 1960 δυσμαῖς
355 1914 449 1959 ἔλθῃ,
471 1914 654 1955 σβέννυται
675 1914 727 1947 διὰ
740 1913 800 1957 τὴν
819 1913 928 1948 ἐκεῖσε
946 1911 1289 1959 ψῦξιν-ΡῙΟῒὶΠΠΞ
1309 1911 1409 1949 Enn.
1430 1910 1468 1949 ii.
1488 1924 1519 1957 1,
1536 1924 1572 1961 p.
1588 1921 1657 1961 972

192 1983 384 2026 συγχωρῶν
403 1975 500 2028 (scil.
523 1975 651 2027 Plato)
673 1979 724 2012 καὶ
751 1978 805 2013 ἐπὶ
832 1977 959 2012 τούτων
981 1979 1138 2022 δηλονότι
1157 1981 1204 2026 τῷ
1219 1977 1442 2026 Ἡρακλείτῳ,
1464 1977 1500 2014 ὃς
1519 1979 1586 2024 ἔφη
1606 1977 1658 2012 ἀεὶ

192 2046 246 2080 καὶ
265 2045 324 2079 τὸν
344 2044 443 2088 ἥλιον
461 2041 829 2090 γίνεσθαι-ΡΓΟΟῙΗΞ
852 2041 892 2078 in
912 2041 1009 2080 Tim.
1030 2055 1063 2091 p.
1093 2055 1168 2091 334
1184 2043 1216 2078 B
1234 2055 1241 2078 :
1273 2044 1326 2078 διὰ
1351 2044 1389 2087 δὴ
1409 2045 1508 2077 τοῦτο
1527 2043 1580 2077 καὶ
1599 2043 1659 2077 τὸν

191 2110 290 2154 ἥλιον
324 2107 397 2144 νέον
429 2109 506 2143 θεὸν
538 2109 696 2142 εἰώθασιν
725 2108 915 2143 ἀποκαλεῖν·
975 2107 1027 2144 καὶ
1065 2109 1137 2145 νέος
1174 2107 1231 2154 ἐφ’
1264 2108 1367 2155 ἡμέρῃ
1403 2108 1510 2153 ἥλιος,
1550 2107 1659 2154 φησὶν

188 2174 430 2221 “Ηράκλειτος,
453 2174 497 2210 ὡς
517 2175 738 2218 Διονυσιακῆς
756 2174 941 2219 μετέχοντα
962 2172 1340 2222 δυνάμεως-ΒΘΞΡῘΟ.
1363 2172 1472 2210 Plato
1493 2172 1539 2209 (le
1560 2171 1656 2221 Rep.

192 2238 243 2276 vi.
261 2251 295 2288 p.
313 2240 389 2287 498
408 2237 439 2274 B
460 2236 576 2287 (conf.
599 2236 722 2275 Schol.
743 2237 791 2274 ad
811 2237 900 2289 loc.)
916 2251 925 2285 3
956 2237 1254 2288 Olympiodorus
1278 2238 1319 2274 in
1344 2238 1442 2276 Plat.
1459 2237 1599 2275 Phaed.
1620 2250 1658 2287 p.

198 2291 279 2342 201²
297 2303 460 2340 Finekh.
482 2301 548 2353 (ad
568 2302 614 2339 fr.
636 2302 709 2338 XX
729 2302 897 2354 citatus).

249 2379 392 2406 XXXIV.
435 2367 585 2416 Respie.
617 2367 848 2405 Plutarchus
881 2367 927 2405 de
962 2368 1047 2405 Des.
1078 2381 1176 2406 orac.
1212 2381 1268 2413 12,
1300 2381 1336 2417 p.
1375 2369 1474 2414 416:
1514 2369 1660 2405 ἐνιαυτὸς

194 2435 302 2481 ἀρχὴν
331 2435 366 2470 ἐν
397 2435 485 2482 αὐτῷ
513 2435 566 2469 καὶ
594 2434 753 2478 τελευτὴν
783 2436 866 2479 ὁμοῦ
900 2436 1032 2470 πάντων
1061 2435 1106 2468 ὧν
1134 2434 1301 2481 φέρουσιν
1330 2434 1412 2481 ὧραι
1439 2436 1482 2481 γῆ
1512 2434 1548 2468 δέ
1578 2432 1659 2479 φύει

194 2497 470 2546 περιέχων-ᾎῙ.
492 2497 712 2535 Antoninus
741 2498 792 2535 ix.
816 2511 861 2546 3:
901 2499 968 2535 ὅσα
996 2501 1029 2534 αἱ
1055 2502 1114 2534 τοῦ
1143 2501 1208 2534 σοῦ
1237 2499 1316 2540 βίου
1345 2499 1427 2545 ὧραι
1455 2499 1659 2545 φέρουσι-

193 2562 579 2612 pseudo-Heraclitus
596 2562 717 2612 Epist.
735 2576 778 2600 v:
807 2563 996 2609 μιμήσομαι
1017 2564 1104 2609 θεόν,
1121 2563 1157 2600 ὃς
1177 2566 1307 2608 κόσμου
1327 2561 1486 2609 ἀμετρίας
1505 2563 1662 2598 ἐπανισοῖ

195 2628 280 2676 ἡλίῳ
301 2628 493 2663 ἐπιτάττων.

250 2702 375 2728 XXXV.
407 2691 644 2740 Hippolytus
673 2691 755 2728 Ref.
785 2691 887 2729 haer.
917 2690 967 2729 ix.
995 2704 1062 2729 10:
1104 2693 1180 2727 οὐδὲ
1210 2694 1332 2728 σκότος
1361 2692 1436 2726 οὐδὲ
1465 2693 1551 2738 φῶς,
1581 2691 1658 2727 οὐδὲ

193 2757 342 2802 πονηρὸν
361 2756 437 2790 οὐδὲ
465 2756 590 2802 ἀγαθὸν
611 2757 725 2802 ἕτερόν
745 2758 854 2802 φησιν
873 2754 955 2791 εἶναι
975 2758 993 2789 ὁ
1012 2756 1243 2802 Ἡράκλειτος,
1267 2755 1357 2790 ἀλλὰ
1381 2755 1415 2790 ἓν
1434 2757 1486 2791 καὶ
1505 2756 1543 2791 τὸ
1563 2755 1657 2791 αὐτό·

194 2821 328 2865 ἐπιτιμᾷ
347 2822 428 2866 γοῦν
441 2819 596 2868 “Ησιόδῳ
618 2819 668 2855 ὅτι
688 2820 812 2867 ἡμέραν
832 2822 884 2855 καὶ
904 2820 1003 2856 νύκτα
1032 2818 1130 2856 οἶδεν·
1169 2819 1273 2868 ἡμέρα
1297 2821 1373 2868 γάρ,
1397 2821 1499 2867 φησί,
1520 2821 1572 2856 καὶ
1597 2819 1658 2864 νύξ

236 2957 345 2981 XXXV.
371 2948 566 2991 εὐφροσύνην
583 2950 653 2982 cod.
671 2961 753 2981 corr.
770 2950 897 2982 Miller.
