1893 3230
751 245 851 275 ΠΕΡΙ
881 244 1061 276 ΦΥΣΕΩΣ.
1590 241 1634 275 31

808 385 1012 426 LXXVI.

174 470 196 515 †
215 465 284 512 Οὖ
306 471 364 527 ’γῆ
389 465 511 530 ξηρή,
538 464 665 529 ψυχὴ
691 465 941 529 σοφωτάτη
966 465 1035 511 καὶ
1061 466 1276 530 ἀρι’στη.Ἱι

754 565 762 574 ·
793 598 1025 640 LXXVII.

159 680 426 744 Ἄνθρωπος,
452 681 554 730 ὅκως
579 681 620 725 ἐν
642 681 829 744 εὐφρόνῃ
857 679 985 744 φάος,
1011 679 1205 726 ἅπτεται
1231 680 1570 737 ἀποσβέννυται.

169 819 237 865 ἅμα
255 819 291 854 δὲ
311 819 352 853 ἅν
369 834 419 855 τις
446 819 505 853 οὐκ
528 819 663 865 ἀλόγως
691 820 744 853 καὶ
773 821 939 866 ξηρότητα
967 818 1052 865 φαίη
1081 819 1165 864 μετὰ
1193 820 1251 863 τῆς
1280 818 1484 863 θερμότητος
1510 817 1639 864 ἐγγινο-

168 884 270 931 μένην
301 883 477 920 λεπτύνειν
508 885 548 919 τὸ
580 887 710 929 πνεῦμα
738 885 791 919 καὶ
820 888 929 921 ποιεῖν
962 885 1143 932 αἰθερῶδες
1176 885 1229 918 καὶ
1262 884 1417 930 καθαρόν·
1457 882 1539 927 αὕτη
1571 883 1638 930 γὰρ

169 951 256 998 ξηρὰ
284 950 384 997 ψυχὴ
414 948 484 984 καθ’
502 948 952 997 ‘dexketrov——Galenus
981 966 1016 986 π.
1045 954 1113 985 τῶν
1140 952 1199 994 τῆς
1227 950 1347 996 ψυχῆς
1376 948 1466 994 ἠθῶν
1497 957 1532 995 5,
1557 950 1585 985 t.
1612 946 1636 984 i.

169 1027 205 1064 p.
238 1015 313 1063 346
344 1014 401 1052 ed.
432 1013 537 1052 BaS.:
583 1015 660 1050 ἀλλ’
695 1016 724 1050 εἷ
757 1017 810 1050 καὶ
842 1018 1008 1062 ξηρότητα
1039 1016 1084 1061 μὴ
1119 1014 1380 1062 ξυγχωρήσαιεν
1411 1013 1518 1049 αἰτίαν
1555 1011 1638 1049 εἶναι

169 1081 352 1126 συνέσεως,
368 1079 402 1116 οἵ
417 1095 457 1127 γε
477 1081 542 1124 μὴν
560 1080 620 1127 ἀφ’
635 1080 871 1127 “Ηρακλείτου.
913 1082 966 1116 καὶ
983 1082 1049 1128 ’γὰρ
1069 1080 1167 1117 οὗτος
1187 1079 1291 1116 οὕτως
1307 1077 1410 1115 εἶπεν
1441 1079 1533 1126 Αὐγὴ
1554 1080 1637 1126 ξηρὴ

167 1147 267 1193 ψυχὴ
288 1145 484 1192 σοφωτάτη,
505 1146 565 1190 τὴν
593 1147 760 1192 ξηρότητα
787 1146 892 1181 πάλιν
919 1147 1022 1190 ἀξιῶν
1051 1143 1134 1181 εἶναι
1163 1146 1335 1181 συνέσεως
1363 1143 1481 1180 αἰτίαν·
1512 1146 1551 1179 τὸ
1569 1145 1636 1191 γὰρ

168 1213 227 1256 τῆς
260 1211 364 1257 αὐγῆς
401 1209 506 1256 ὄνομα
537 1210 626 1245 τοῦτ’
660 1209 873 1255 ἐνδείκνυται,
907 1212 960 1246 καὶ
991 1210 1154 1253 βελτίονά
1186 1226 1227 1258 γε
1261 1210 1363 1253 δόξαν
1400 1208 1523 1254 ταύτην
1553 1206 1635 1244 εἶναι

167 1275 346 1321 νομιστέον
365 1274 588 1320 ἐννοήσαντας
607 1275 660 1309 καὶ
678 1275 756 1311 τοὺς
775 1275 923 1323 ἀστέρας
939 1276 1131 1322 ἀὐγοειδεῖς
1156 1291 1192 1310 τε
1219 1276 1286 1320 ἅμα
1311 1275 1365 1309 καὶ
1391 1275 1514 1321 ξηροὺς
1537 1274 1636 1310 ὄντας

167 1342 270 1388 ἄκραν
298 1339 437 1376 σύνεσιν
465 1341 555 1386 ἔχειν
583 1337 635 1390 (V.
657 1339 777 1377 Cobet
802 1347 883 1388 Λογ.
903 1341 997 1388 Ἑρμ.
1020 1354 1054 1390 p.
1083 1339 1434 1390 190)—He1·meias
1463 1338 1503 1375 in
1532 1337 1632 1375 Plat.

167 1405 326 1444 Phaedr.
356 1420 390 1456 p.
417 1415 465 1455 73
486 1405 597 1444 Ast.:
638 1407 823 1452 ἐπιτήδειον
851 1409 888 1443 δέ
916 1410 969 1443 καὶ
996 1409 1035 1443 τὸ
1065 1408 1162 1455 θέρος
1194 1407 1248 1444 καὶ
1276 1408 1294 1452 ἡ
1323 1408 1518 1454 μεσημβρία
1549 1408 1634 1454 πρὸς

166 1473 342 1521 ἀναγωγὴν
360 1474 414 1508 καὶ
433 1474 515 1508 κατὰ
534 1474 592 1508 τὸν
609 1470 834 1520 εΗράκλειτον
859 1474 896 1510 ὅς
923 1476 1044 1520 φησιν·
1090 1474 1183 1521 Αὐγὴ
1211 1474 1294 1520 ξηρὴ
1321 1473 1420 1519 ψυχὴ
1448 1474 1633 1518 σοφωτάτη

166 1537 369 1587 —Respic.
395 1536 634 1587 Porphyrius
662 1538 791 1586 ἀφορμ.
811 1541 896 1585 πρὸς
922 1541 963 1573 τὰ
990 1540 1090 1584 νοητά
1113 1551 1173 1586 33,
1195 1551 1231 1588 p.
1257 1539 1304 1585 78
1328 1536 1456 1574 Holst.
1478 1536 1529 1587 (p.
1557 1550 1574 1574 2
1583 1549 1631 1585 33

167 1603 365 1655 cantab.):
411 1604 491 1640 ὅταν
528 1605 564 1639 δὲ
601 1604 773 1650 μελετὴσῃ
809 1605 1026 1651 ἀφίστασθαι
1065 1604 1219 1651 φύσεως,
1255 1604 1340 1651 αὐγὴ
1375 1604 1460 1650 ξηρὰ
1496 1604 1633 1651 γίνεται,

166 1671 284 1707 ἅσκιος
313 1672 366 1705 καὶ
394 1668 727 1716 ἀνέφελος-Οοοΐ-
751 1668 940 1706 *Ficinus
970 1669 1016 1706 de
1044 1669 1219 1706 Immort.
1248 1668 1363 1708 anim.
1382 1668 1463 1705 viii.
1490 1680 1558 1716 13:
1589 1672 1633 1706 ut

165 1735 290 1784 placet
323 1734 500 1785 Orphjcis
532 1739 569 1772 et
599 1734 808 1781 Heraclito,
842 1735 973 1772 lumen
1003 1734 1102 1772 nihil
1133 1734 1238 1771 aliud
1270 1738 1327 1772 est
1361 1733 1436 1771 nisi
1470 1733 1633 1771 visibilis

165 1800 303 1847 anima,
327 1829 334 1837 .
357 1829 366 1839 .
388 1831 394 1837 .
418 1829 425 1837 .
447 1799 576 1837 anima
595 1813 685 1837 vero
706 1800 773 1838 lux
794 1800 1013 1838 invisibilis.
1045 1800 1232 1851 BernayS.

219 1877 361 1903 LXXVI.
394 1865 504 1903 Philo
533 1879 592 1915 ap.
622 1866 761 1903 Euseb.
783 1865 828 1903 P.
843 1866 887 1904 Ε.
908 1866 988 1903 viii.
1015 1879 1073 1912 14,
1093 1879 1126 1915 p.
1152 1878 1250 1914 399:
1280 1867 1363 1911 μόνη
1383 1867 1448 1913 γὰρ
1468 1865 1487 1910 ἡ
1506 1864 1633 1902 Ἑλλὰς

163 1932 324 1979 ἁψευδῶς
356 1932 614 1979 ἀνθρωπογονεῖ,
645 1934 941 1980 φυτὸνρύράνιον
973 1934 1026 1968 καὶ
1058 1933 1245 1976 βλάστημα
1278 1932 1368 1967 θεῖον
1405 1930 1633 1978 ἦκριβωμένον

162 1999 332 2045 λογισμὸν
350 1997 583 2033 ἀποτίκτουσα
603 1997 826 2042 οἰκειούμενον
851 1998 1029 2043 ἐπιστήμῃ·
1065 1999 1105 2033 τὸ
1132 1997 1160 2032 δ’
1182 1997 1299 2032 αἴτιον·
1334 1998 1515 2042 λεπτότητι
1535 1997 1632 2043 ἀέρος

162 2063 181 2108 ἡ
202 2063 329 2098 διάνοια
346 2062 498 2110 πέφυκεν
517 2062 713 2099 ἀκονᾶσθαι.
772 2064 824 2098 διὸ
853 2064 906 2098 καὶ
924 2063 1146 2110 ΚΙ-Ιράκλειτος
1175 2064 1235 2097 οὐκ
1263 2062 1329 2098 ἀπὸ
1355 2064 1488 2097 σκοποῦ
1507 2064 1628 2108 φησιν·

162 2128 255 2175 Αὗγὴ
275 2129 358 2175 ξηρὴ
379 2129 479 2175 ψυχὴ
500 2129 686 2173 σοφωτάτη
707 2129 760 2163 καὶ
779 2128 1070 2175 ‹ipsam—Idem
1090 2128 1137 2165 (le
1156 2126 1309 2164 Provid.
1332 2126 1371 2164 ii.
1393 2139 1477 2175 109,
1494 2139 1531 2176 p.
1553 2139 1568 2163 1
1581 2135 1624 2174 17

161 2192 347 2230 Auche1·.:
391 2193 640 2242 quamobrem
671 2193 788 2230 etiam
822 2194 1048 2231 Heraclitus
1085 2207 1162 2231 non
1195 2192 1315 2243 gratis
1348 2195 1462 2242 atque
1495 2192 1626 2230 incon-

162 2257 264 2295 sulto
284 2257 403 2294 dixit:
437 2257 484 2294 In
504 2260 607 2295 terra
628 2258 724 2295 sicca
744 2258 894 2295 animus
915 2263 971 2296 est
991 2258 1143 2308 sapiens
1163 2271 1207 2295 ac
1227 2257 1384 2295 virtutis
1403 2270 1544 2295 amans.

217 2334 377 2360 Lxxvn.
410 2323 586 2361 Clemens
618 2323 729 2361 Alex.
765 2325 906 2362 Strom.
937 2324 986 2361 iv.
1021 2337 1080 2370 22,
1110 2337 1146 2373 p.
1178 2325 1274 2361 628:
1320 2323 1388 2359 ὅσα
1421 2323 1448 2358 δ’
1478 2322 1520 2358 αὖ
1553 2325 1630 2370 περὶ

161 2388 266 2425 ὕπνου
286 2389 429 2437 λέγουσι
448 2390 489 2425 τὰ
509 2390 593 2425 αὐτὰ
613 2391 678 2437 χρὴ
699 2391 752 2426 καὶ
776 2392 853 2437 περὶ
880 2392 1023 2426 θανάτου
1047 2390 1229 2435 ἐξακούειν·
1260 2391 1414 2436 ἑκάτερος
1439 2389 1505 2436 γὰρ
1532 2389 1631 2433 δηλοῖ

161 2455 220 2500 τὴν
247 2454 444 2491 ἀπόστασιν
471 2457 530 2500 τῆς
557 2456 677 2502 ψυχῆς
696 2458 714 2491 ὁ
733 2457 793 2502 μὲν
820 2458 952 2502 μᾶλλον
981 2459 999 2491 ὁ
1029 2457 1064 2491 δέ
1092 2455 1202 2501 ἧττον·
1242 2455 1325 2501 ὅπερ
1356 2455 1430 2489 ἐστὶ
1459 2455 1512 2489 καὶ
1539 2456 1630 2501 παρὰ

160 2519 384 2566 “Ηρακλείτου
430 2522 560 2561 λαβεῖν·
609 2519 810 2568 ’Ἄνθρωπος
849 2520 1035 2561 <ὅπως>
1079 2522 1114 2556 ἐν
1156 2522 1305 2568 εὐφρόνῃ
1348 2521 1438 2567 φάος
1478 2520 1629 2562 ἅπτεται,

163 2585 324 2622 ὡσαύτως
352 2581 471 2637 [vulg.
503 2581 628 2637 ἑαυτῷ]
660 2586 838 2622 ἀποθανὼν
866 2587 1098 2630 ἀποσβεσθείς
1128 2582 1278 2638 [ὄψεις]
1335 2587 1398 2629 ζῶν
1427 2585 1464 2620 δὲ
1492 2586 1631 2621 ἅπτεται

161 2650 342 2687 τεθνεῶτος
374 2649 488 2694 εὕδων,
525 2647 792 2703 [ἀποσβεσθεὶς]
832 2652 933 2699 ὄψεις
966 2652 1158 2699 ἐγρηγορὼς
1191 2652 1331 2686 ἅπτεται
1369 2650 1524 2687 εὕδοντος
1559 2646 1629 2701 [ita

205 2778 326 2801 LXXVI.
350 2769 386 2801 οὗ
401 2771 445 2811 ’γῆ
465 2771 515 2804 ed.
534 2771 710 2812 Stephana:
736 2771 820 2810 αὐγῆ
836 2771 889 2802 vel
905 2770 988 2811 αὐγὴ
1005 2770 1184 2802 Gaisfordii
1200 2770 1293 2801 codd.
1311 2780 1432 2801 omnes.

206 2829 341 2853 LXXVII.
366 2822 542 2864 εὐφροσύνῃ
559 2823 628 2854 cod.
645 2834 726 2854 corr.
744 2823 889 2864 Sylburg
928 2827 941 2861 {l
961 2822 1051 2853 ἅπτει
1070 2822 1369 2854 Schleiermacher:
1405 2821 1564 2852 Schuster
1578 2820 1627 2851 ita

162 2873 374 2904 Heraclitum
395 2874 487 2915 loqui
507 2875 653 2915 potuisse
674 2875 797 2906 credit:
821 2873 977 2915 ἄνθρωπος
1000 2875 1033 2906 ἐν
1051 2874 1187 2915 εὐφρόνῃ
1204 2873 1282 2915 φάος
1302 2874 1393 2904 ἅπτει
1417 2873 1528 2913 ἑαυτῷ,
1549 2873 1625 2902 ἀπο-

161 2924 263 2955 θανὼν
275 2925 496 2959 ἀποσβεσθείε.
521 2925 580 2965 ζῶν
597 2925 629 2957 δὲ
641 2925 773 2958 ἅπτεται
788 2926 962 2957 τεθνεῶτος
980 2926 1085 2963 εὕδων,
1098 2925 1310 2961 ἀποσβεσθεὶς
1327 2925 1420 2966 ὄψεις·
1446 2922 1626 2964 ἐγρηγορὼς

161 2976 294 3008 ἅπτεται
312 2975 467 3009 εὕδοντος.
514 2978 616 3008 Plura
631 2978 820 3009 huiusmodi
837 2978 912 3009 vide
929 2989 980 3020 ap.
1002 2978 1186 3010 Potterum.
