1893 3230
220 564 237 596 5

198 886 237 909 10

195 1535 234 1558 20

194 1860 231 1892 ²5

191 2184 232 2216 30

261 175 311 210 62
806 186 1019 215 APPENDIX
1039 200 1095 206 -——
1115 188 1163 216 11.

258 296 325 331 ἀπὸ
344 300 404 332 τοῦ
424 297 542 335 ὕδατος
555 300 595 334 τὸ
611 300 722 347 ὑγρόν·
753 301 800 336 ἔνι
817 302 883 348 γὰρ
903 302 938 337 ε’ν
950 303 1030 349 πυρὶ
1049 303 1201 350 ὑγράν-ιμ’
1232 303 1271 337 τὸ
1290 302 1325 337 δὲ
1345 300 1434 349 ὕδωρ
1446 303 1513 338 ἀπὸ
1530 305 1591 338 τοῦ
1603 303 1709 349 πυρὸς

259 362 298 395 τὸ
319 361 430 408 ξηρόν·
463 363 510 397 ἔνι
532 364 598 409 γὰρ
620 365 673 398 καὶ
698 365 733 399 ε’ν
760 363 855 400 ὕδατι
883 366 993 412 ξηρόν.
1023 365 1110 402 οὕτω
1135 367 1171 402 δὲ
1192 369 1318 402 τούτων
1345 367 1500 413 ε’χόντων,
1521 367 1555 404 ἐς
1576 367 1710 403 πολλὰς

259 423 311 460 καὶ
336 427 549 464 παντοδαπὰς
576 428 665 465 ἰδέας
691 429 924 476 ἀποκρίνονται
951 430 1008 466 ἀπ’
1027 430 1187 475 ἀλλήλων
1213 433 1265 466 καὶ
1295 432 1498 478 σπερμάτων
1523 432 1577 467 καὶ
1605 430 1708 480 ζῴων,

259 490 355 524 οὐδὲν
374 491 496 535 ὁμοίων
514 492 718 538 ἀλλήλοισιν
740 497 815 529 οὔτε
841 495 902 540 τὴν
929 496 1013 542 ὄψιν
1040 498 1115 531 οὔτε
1143 496 1203 541 τὴν
1230 495 1378 541 δύναμιν·
1406 497 1464 531 ἅτε
1491 497 1557 544 γὰρ
1585 498 1709 532 οὔποτε

259 555 340 588 κατὰ
359 556 466 591 τωύτὸ
486 557 681 602 ἱσταμένων,
701 559 778 593 ἀλλ’
800 560 862 595 αιέὶ
880 560 1128 605 ἀλλοιουμένων
1147 561 1201 596 ε’πὶ
1220 562 1261 596 τὰ
1281 560 1334 597 καὶ
1357 561 1414 596 ε’πὶ
1440 562 1491 605 τά,
1512 561 1650 606 ἀνόμοια
1668 560 1707 605 ἐξ

257 619 400 666 ἀνάγκης
424 621 549 667 γίνεται
577 623 630 658 καὶ
656 624 698 658 τὰ
725 624 792 659 ἀπὸ
819 623 946 659 τούτων
964 624 1213 671 ἀποκρινόμενα.
1244 625 1431 660 ἀπόλλυται
1458 625 1519 670 μέν
1536 641 1594 661 νυν
1612 625 1709 661 οὐδέν

257 685 411 720 ἁπάντων
427 688 617 732 χρημάτων,
638 689 714 723 οὐδὲ
733 689 861 735 γίνεται
880 689 899 723 ὅ
917 704 949 723 τι
975 689 1019 734 μὴ
1047 688 1100 725 καὶ
1127 690 1278 735 πρόσθεν
1305 688 1353 733 ἦν·
1383 692 1642 736 συμμισγόμενα
1670 689 1708 725 δὲ

257 751 310 784 καὶ
325 751 552 797 διακρινόμενα
567 753 773 790 ἀλλοιοῦται·
798 755 962 799 νομίζεται
982 755 1018 789 δὲ
1039 755 1104 789 ὑπὸ
1115 758 1182 790 τῶν
1199 755 1384 801 ἀνθρώπων
1402 756 1440 790 τὸ
1458 754 1518 800 μὲν
1536 755 1575 799 ἐξ
1587 753 1708 790 Ἃιδου

256 815 290 851 ές
308 817 397 861 φάος
416 817 557 861 αὖξηθὲν
574 819 743 865 γενέσθαι,
758 821 799 854 τὰ
819 820 854 854 δὲ
876 820 911 854 ἐκ
929 821 988 854 τοῦ
1007 821 1113 865 φάεος
1132 820 1165 856 ἐς
1178 819 1296 864 Ἀιδην
1309 819 1489 863 μειωθέντα
1502 819 1705 855 ἀπολέσθω·

255 879 468 926 ὀφθαλμοῖσι
496 883 561 928 γὰρ
589 882 791 919 πιστεύουσι
818 885 951 929 μᾶλλον
971 883 989 929 ἦ
1009 886 1132 930 γνώμῃ,
1155 885 1219 930 οὐχ
1243 886 1365 921 ἱκανοῖς
1391 885 1507 920 ἐοῦσιν
1524 884 1600 919 οὐδὲ
1628 885 1707 931 περὶ

254 948 321 980 τῶν
340 947 523 992 ὁρεομένων
541 950 657 994 κρῖναι·
689 948 755 995 ἐγὼ
775 949 910 983 δὲτάδε
938 951 1051 996 γνώμῃ
1080 949 1267 996 ἐξηγέομαι.
1298 950 1374 992 ζώει
1400 950 1467 996 γὰρ
1495 949 1626 984 κάκεῖνα
1653 950 1707 984 καὶ

254 1010 345 1045 τάδε·
375 1012 428 1046 καὶ
456 1015 543 1053 οὔτε,
574 1013 603 1047 εἷ
632 1014 726 1057 ζῶον,
759 1014 936 1049 ἀποθανεῖν
964 1011 1034 1049 οἷόν
1061 1029 1109 1057 τε,
1139 1015 1168 1049 εἷ
1195 1014 1240 1059 μὴ
1267 1015 1351 1059 μετὰ
1378 1015 1522 1050 πάντων·
1554 1016 1622 1049 ποῦ
1640 1014 1707 1061 γὰρ

255 1075 468 1112 ἀποθανεῖται
484 1089 493 1122 ;
524 1081 599 1113 οὔτε
618 1079 657 1113 τὸ
675 1078 719 1123 μὴ
739 1078 776 1113 ὃν
793 1079 964 1126 γενέσθω·
991 1080 1095 1115 πόθεν
1113 1081 1179 1127 γὰρ
1198 1081 1293 1115 ἔσται
1309 1092 1318 1125 J
1348 1079 1426 1115 ἀλλ’
1445 1079 1580 1124 αὔξεται
1598 1080 1707 1116 πάντα

254 1143 402 1185 μειοῦται
423 1144 475 1177 καὶ
494 1143 528 1179 ές
550 1144 589 1178 τὸ
617 1143 780 1188 μήκιστον
798 1145 850 1179 καὶ
872 1140 923 1196 [ές
941 1139 996 1195 τὸ]
1016 1145 1212 1191 ε’λάχιστον,
1232 1147 1299 1180 τῶν
1325 1160 1364 1191 γε
1393 1145 1550 1181 δυνατῶν.
1587 1143 1607 1180 ὅ
1624 1158 1657 1179 τι
1675 1142 1706 1180 δ’

254 1205 295 1239 ἂν
313 1206 515 1253 διαλέγωμαι
532 1209 690 1254 γενέσθαι
709 1209 928 1253 κάπολέσθαι,
948 1213 1015 1244 τῶν
1033 1212 1172 1246 πολλῶν
1190 1209 1309 1245 εἵνεκεν
1331 1209 1509 1256 ε’ρμηνεῦω·
1537 1210 1644 1245 ταύτὰ
1668 1210 1706 1245 δδ

255 1272 510 1318 συμμίσγεσθαι
530 1274 581 1307 καὶ
601 1273 826 1319 διακρίνεσθαι
850 1274 951 1318 δηλῶ.
982 1275 1052 1320 ἔχει
1081 1275 1116 1309 δέ
1146 1275 1221 1309 ὧδε·
1250 1274 1408 1322 γενέσθαι
1435 1276 1487 1310 καὶ
1515 1274 1705 1310 ἀπολέσθαι

252 1335 373 1374 τωύτό,
405 1339 608 1383 συμμιγῆναι
637 1339 688 1372 καὶ
719 1339 921 1385 διακριθῆναι
948 1341 1064 1383 τωίτό,
1094 1339 1271 1384 αὐξηθῆναι
1301 1340 1354 1374 καὶ
1381 1339 1559 1384 μειωθῆναι
1586 1339 1707 1375 τωύτό·

252 1400 410 1445 γενέσθαι
439 1403 493 1436 καὶ
523 1404 727 1449 συμμιγῆναι
754 1404 872 1444 τωύτό,
892 1403 1084 1439 ἀπολέσθαι
1113 1399 1322 1455 [μειωθῆναι]
1353 1403 1556 1451 διακριθῆναι
1583 1404 1704 1439 τωύτό·

253 1463 395 1499 ἕκαστον
413 1467 498 1511 πρὸς
516 1468 623 1502 πάντα
643 1468 695 1501 καὶ
715 1468 820 1502 πάντα
841 1469 924 1514 πρὸς
944 1467 1087 1503 ἕκαστον
1105 1470 1223 1513 τωύτό,
1244 1470 1296 1504 καὶ
1322 1469 1418 1504 οὐδέν
1435 1469 1567 1504 πάντων
1584 1468 1701 1506 τωύτό.

253 1530 272 1562 ὁ
292 1531 391 1574 νόμος
409 1531 475 1577 γὰρ
494 1534 534 1575 τῇ
554 1530 659 1577 φύσει
678 1533 754 1578 περὶ
773 1531 901 1568 τούτων
919 1533 1073 1570 ε’ναντίος.

307 1605 343 1630 V.
380 1598 487 1642 Χωρεῖ
517 1597 552 1632 δέ
581 1598 687 1632 πάντα
717 1599 768 1632 καὶ
797 1598 868 1633 θεῖα
898 1599 951 1633 καὶ
979 1598 1168 1645 ἀνθρώπινα
1195 1599 1262 1634 ἅνω
1291 1600 1343 1633 καὶ
1372 1599 1459 1634 κάτω
1487 1598 1701 1645 ἀμειβόμενα.

252 1660 354 1708 ἡμέρη
375 1664 426 1697 καὶ
446 1663 593 1710 εὐφρόνη
613 1664 667 1699 ε’πὶ
682 1666 720 1699 τὸ
739 1664 900 1709 μήκιστον
919 1666 971 1699 καὶ
991 1665 1188 1711 ἐλάχιστον,
1210 1666 1232 1707 †
1245 1666 1289 1702 ὡς
1308 1665 1359 1700 καὶ
1378 1667 1418 1710 τῇ
1433 1663 1560 1709 σελήνῃ
1579 1665 1619 1700 τὸ
1635 1664 1701 1710 μῆ-

251 1740 367 1762 κιστον
386 1729 438 1762 καὶ
458 1730 496 1763 τὸ
516 1729 710 1775 ἐλάχιστον,
731 1730 834 1775 πυρὸς
857 1729 980 1775 ἔφοδος
999 1731 1050 1764 καὶ
1072 1729 1190 1766 ὕδατος
1203 1732 1225 1773 †
1254 1730 1348 1775 ἥλιος
1367 1730 1421 1766 ε’πὶ
1439 1731 1479 1765 τὸ
1496 1731 1705 1777 μακρότατον

251 1795 303 1827 καὶ
321 1794 545 1840 βραχύτατον·
586 1796 692 1830 πάντα
711 1796 814 1830 ταύτὰ
838 1796 889 1830 καὶ
913 1796 952 1830 οὖ
979 1796 1092 1830 ταίτά·
1122 1797 1212 1842 φάος
1240 1796 1326 1841 Ζηνί,
1347 1798 1469 1832 σκότος
1481 1795 1592 1841 Ἅιδῃ,
1612 1796 1703 1842 φάος

246 1857 358 1902 Ἀιδῃ.
379 1861 500 1895 σκότος
520 1861 607 1904 Ζηνί·
639 1862 742 1905 φοιτᾷ
763 1862 851 1895 κεῖνα
876 1861 939 1895 ὧδε
968 1861 1021 1895 καὶ
1048 1861 1127 1895 τάδε
1156 1863 1247 1895 κεῖσε
1275 1862 1389 1896 πᾶσαν
1417 1861 1513 1907 ὥρην,
1535 1860 1700 1907 διαπρησ-

251 1925 378 1968 σόμενα
397 1923 484 1959 κεῖνά
504 1939 540 1958 τε
559 1925 599 1959 τὰ
619 1925 723 1959 τῶνδε
742 1925 819 1959 τάδε
839 1924 867 1959 τ’
887 1924 929 1960 αὖ
948 1927 989 1960 τὰ
1009 1926 1131 1961 κείνων.

308 1990 369 2023 Καὶ
389 1990 429 2023 τὰ
448 1990 510 2034 μὲν
527 1988 747 2035 πρήσσουσιν
762 1990 820 2024 οὐκ
839 1989 983 2034 οἴδασιν,
1003 1991 1023 2024 ἆ
1044 1991 1079 2025 δέ
1099 1991 1139 2025 οὗ
1158 1989 1359 2037 πρήσσουσι
1373 1990 1550 2026 δοκέουσιν
1568 1988 1700 2025 εἰδέναι·

250 2054 303 2088 καὶ
331 2054 371 2088 τὰ
399 2054 460 2098 μὲν
489 2054 644 2100 ὁρέουσιν
671 2055 709 2089 οὐ
737 2057 973 2101 γινώσκουσιν,
997 2055 1088 2090 ἀλλά
1117 2070 1182 2092 κως
1209 2056 1342 2091 αὐτοῖσι
1370 2055 1477 2091 πάντα
1504 2055 1630 2103 γίνεται
1657 2053 1699 2090 δι’

250 2117 395 2164 ἀνάγκην
413 2119 503 2163 θείην
522 2120 574 2153 καὶ
593 2118 614 2153 ἆ
632 2119 814 2161 βούλονται
834 2121 885 2154 καὶ
905 2120 925 2154 ἃ
945 2121 989 2165 μὴ
1008 2119 1201 2160 βούλονται.

304 2186 498 2218 Φοιτώντων
517 2184 551 2218 δὲ
571 2184 703 2219 ἐκείνων
722 2184 785 2219 ὦδε
805 2186 858 2219 καὶ
877 2184 971 2219 τῶνδ’
991 2184 1110 2229 ε’κεῖσε,
1132 2185 1416 2231 συμμισγομένων
1441 2186 1527 2231 πρὸς
1553 2184 1702 2231 ὣληλα,

249 2247 308 2292 τὴν
326 2248 543 2293 πεπρωμένην
560 2251 678 2295 μοῖραν
700 2248 843 2284 ἕκαστον
862 2250 1021 2296 ἕκπληροῖ
1040 2251 1093 2285 καὶ
1112 2251 1166 2285 ε’πὶ
1186 2251 1224 2285 τὸ
1241 2250 1340 2295 μέζον
1367 2251 1419 2286 καὶ
1447 2250 1502 2286 ε’πὶ
1529 2251 1569 2286 τὸ
1594 2251 1701 2296 μεῖον.

249 2312 363 2359 φθορὴ
383 2313 418 2347 δέ
437 2315 544 2347 πᾶσιν
563 2312 619 2348 ἀπ’
638 2313 808 2359 ἀλλήλων,
827 2316 874 2362 τῷ
901 2315 1012 2359 μέζονι
1031 2315 1098 2350 ἀπὸ
1117 2317 1177 2349 τοῦ
1195 2315 1326 2359 μείονος
1350 2313 1402 2351 καὶ
1428 2316 1476 2362 τῷ
1502 2314 1608 2359 μείονι
1634 2313 1703 2350 ἀπὸ

296 2475 310 2495 2
329 2465 360 2496 ές
375 2465 448 2496 add.
465 2465 627 2507 Zwinger,
645 2477 707 2497 om.
724 2466 752 2497 L
801 2470 813 2504 ΙΙ
864 2477 881 2507 5
899 2465 1076 2505 ἱσταμένων
1092 2466 1180 2507 vulg.
1197 2478 1203 2497 :
1227 2463 1381 2504 ἱστάμενα
1397 2463 1445 2496 Lo
1492 2469 1505 2503 ΙΙ
1554 2464 1702 2497 ἀλλοιου·

249 2515 351 2555 μένων
367 2517 455 2557 vulg.
472 2529 477 2547 :
503 2516 717 2556 ἀλλοιούμενα
734 2515 781 2548 Lo
818 2521 832 2558 ΙΙ
867 2517 977 2549 ἔπειτα
992 2516 1043 2548 καὶ
1059 2516 1167 2548 ἔπειτα
1183 2517 1286 2553 codd„
1303 2527 1383 2548 corr.
1399 2517 1518 2548 Comes
1553 2518 1566 2554 ΙΙ
1606 2515 1627 2548 6
1640 2514 1702 2556 μὲν

250 2567 304 2598 νῦν
328 2566 364 2599 0:
396 2566 455 2606 μὲν
478 2567 534 2600 οὖν
558 2568 616 2599 LE
655 2572 668 2605 11
709 2570 727 2600 8
752 2567 811 2600 ὑπὸ
834 2567 902 2600 Ee:
933 2568 1015 2609 παρὰ
1039 2568 1068 2600 L
1107 2572 1120 2605 ΙΙ
1160 2567 1201 2598 τὰ
1223 2566 1263 2599 0:
1296 2566 1335 2598 τὸ
1359 2567 1387 2598 L
1422 2570 1435 2605 ΙΙ
1474 2577 1494 2608 9
1516 2566 1649 2607 μειωθὲν
1672 2567 1702 2599 L

251 2621 263 2655 ΙΙ
286 2627 322 2658 15
346 2618 540 2649 κάπολέσθαι
563 2619 699 2660 scripsi:
731 2619 751 2657 ὴ
773 2618 948 2651 ἀπολέσθω
971 2618 1039 2650 Le:
1071 2618 1122 2650 καὶ
1145 2617 1185 2649 τὸ
1206 2617 1379 2650 ἀπολέσθω
1402 2618 1492 2660 vulg.
1539 2621 1552 2656 ΙΙ
1597 2617 1701 2650 ταύτὰ

248 2669 395 2710 Bernays
411 2681 416 2700 :
441 2669 542 2701 ταῦτα
558 2670 586 2701 L
601 2670 689 2711 vulg.
740 2676 752 2709 Η
805 2671 843 2701 18
859 2669 910 2701 καὶ
926 2674 1000 2711 post
1015 2669 1161 2710 γενέσθω
1179 2680 1239 2701 om.
1259 2669 1286 2700 L
1302 2669 1401 2710 vulg„
1417 2669 1518 2701 habet
1532 2667 1552 2701 θ
1596 2673 1610 2708 u
1658 2678 1695 2701 21

248 2719 348 2760 χωρεῖ
359 2721 506 2763 Bemays
521 2733 527 2752 :
553 2721 647 2762 χωρὶς
664 2721 752 2762 vulg.
802 2725 814 2758 ΙΙ
864 2731 879 2752 2
885 2732 902 2763 5
919 2726 993 2763 post
1007 2719 1105 2762 φοιτᾷ
1125 2721 1200 2753 add.
1216 2720 1267 2752 καὶ
1288 2721 1502 2760 μετακινεΐται
1524 2721 1553 2753 L
1567 2722 1647 2762 (om.
1661 2719 1701 2762 0)

249 2776 262 2810 ΙΙ
281 2776 355 2814 post
371 2771 453 2813 ὥρην
468 2773 542 2805 add.
560 2773 663 2804 πᾶσαν
679 2773 785 2813 χώρην
802 2771 849 2804 Lo
876 2778 888 2811 ΙΙ
915 2773 954 2804 26
970 2774 999 2804 τ’
1015 2771 1055 2805 αὖ
1070 2771 1110 2804 τὰ
1126 2773 1238 2814 scripsi
1254 2785 1260 2804 :
1285 2773 1386 2804 ταῦτα
1401 2773 1490 2814 vulg.
1509 2784 1515 2805 ε
1539 2783 1576 2804 τε
1591 2771 1634 2804 τὰ
1648 2771 1698 2805 Ιιθ

251 2830 325 2865 1127
341 2824 391 2855 καί
414 2823 442 2855 θ’
459 2825 522 2856 &L
569 2829 581 2863 ΙΙ
631 2826 670 2856 28
693 2824 744 2855 καί
766 2823 829 2855 θά*
845 2824 874 2856 L
922 2829 935 2866 ΙΙ
982 2823 1069 2856 ἀλλά
1092 2836 1149 2855 καις
1172 2825 1307 2867 scripsi:
1332 2823 1408 2855 ἀλλ’
1431 2824 1508 2856 ὅκως
1530 2822 1598 2856 EO:
1621 2822 1698 2856 ἀλλ’

247 2875 328 2915 ὅμως
344 2876 372 2907 L
421 2882 433 2915 Η
485 2886 524 2916 30
540 2875 590 2907 καὶ
607 2876 695 2907 τῶνδ“
715 2877 743 2907 Ε
760 2888 765 2907 :
791 2876 854 2907 τῶν
869 2875 903 2908 δέ
921 2887 955 2906 τε
974 2876 1001 2907 L
1017 2888 1022 2907 :
1047 2875 1109 2907 τῶν
1126 2875 1159 2907 δέ
1175 2888 1204 2907 τι
1223 2875 1241 2907 Θ
