1893 3230
822 238 1063 267 PRAEFA'rm.
1617 216 1676 257 vii

211 356 396 402 tanquam
417 351 608 402 specimen
628 351 695 402 qui
715 351 793 389 sint
812 351 1008 401 praecipui
1024 351 1208 391 Vitarum
1227 347 1375 387 codices
1388 347 1412 385 ³.
1461 345 1509 383 In
1529 343 1676 392 reliqua

211 415 439 467 Appendice
475 416 663 454 nonnulla
697 416 785 454 dedi
814 430 910 466 quae
947 415 1137 453 rationem
1176 413 1435 452 Heracliteam
1469 409 1675 451 illustrant,

211 482 383 532 profecta
401 481 548 520 scilicet
567 481 615 519 ab
635 481 906 519 imitatoribus.
952 481 1013 517 Ex
1033 481 1159 530 primo
1180 480 1227 517 de
1247 479 1385 516 Diaeta
1403 477 1502 514 libro
1523 474 1676 522 Hippo-

212 549 340 585 cratea
362 546 533 597 excerpsi
565 549 662 596 quot
693 546 741 583 ad
771 551 940 583 mentem
970 544 1161 583 Heracliti
1190 544 1365 582 accedere
1394 540 1552 592 propius
1574 537 1677 575 vide-

212 612 363 658 bantur,
385 611 547 661 ideoque
575 611 624 648 ad
650 610 865 660 fragmenta
892 610 1152 648 confirmanda
1176 610 1336 647 fortasse
1365 606 1493 651 etiam,
1519 604 1550 642 si
1577 605 1679 640 recte

213 675 350 722 utaris,
374 675 588 725 supplenda
613 674 788 712 adhiberi
813 677 995 724 possunt;
1026 688 1116 712 nam
1140 673 1301 723 vestigia
1325 667 1590 709 Heraclitismi
1618 665 1682 703 hic

214 740 335 779 latere
359 739 633 778 animadvertit
656 740 732 777 iam
760 739 888 789 priore
917 740 1065 777 saeculo
1092 740 1125 776 Ι.
1147 738 1201 776 M.
1221 738 1378 783 Gesner,
1404 750 1447 773 ac
1474 747 1556 772 rem
1585 731 1682 768 mire

215 819 239 844 a
271 805 617 844 Schleiermacbero
654 805 868 855 neglectam
907 805 1048 842 iterum
1087 804 1228 842 nostris
1265 802 1503 852 temporibus
1541 796 1683 836 eximia

216 885 292 921 qua
311 871 430 922 pollet
449 870 637 920 elegantia
657 875 696 908 et
715 870 933 908 subtilitate
953 869 1233 908 demonstravit
1253 866 1494 917 Bernaysius.
1552 863 1684 900 Inesse

217 949 330 974 cerno
364 936 405 973 in
436 935 511 973 ista
544 936 737 986 farragine
769 936 955 974 nonnulla
990 936 1145 985 quidem
1179 934 1333 972 aliunde
1368 933 1569 980 desumpta
1581 930 1606 974 ¹¹,
1636 926 1684 964 de

219 1015 369 1040 summa
387 1006 518 1039 tamen
537 1014 578 1039 re
598 1015 675 1038 non
695 1004 752 1039 est
773 1001 876 1051 quod
895 1001 1008 1039 hodie
1023 1000 1271 1050 disceptetur.
1311 997 1525 1047 Excipiunt
1537 994 1685 1042 Hippo-

217 1072 343 1104 cratea
363 1066 538 1115 Scythini
557 1079 690 1104 versus
712 1066 949 1116 Lucianique
974 1065 1134 1115 parodia
1154 1078 1160 1102 :
1193 1064 1336 1114 quippe
1356 1068 1393 1100 et
1415 1059 1620 1110 Scythinus
1645 1056 1685 1093 in

217 1131 339 1169 altero
369 1131 504 1168 saltem
533 1131 750 1179 fragmento
778 1131 1019 1180 apertissime
1041 1130 1320 1175 Heraclitissat‚
1343 1133 1380 1166 et
1400 1126 1593 1164 Lucianus
1613 1122 1687 1160 ioci

218 1209 333 1234 causa
370 1196 482 1245 plura
520 1195 670 1233 disiecti
709 1195 930 1245 philosophi
964 1196 1138 1233 membra
1178 1195 1217 1231 in
1248 1207 1368 1231 unum
1402 1189 1606 1240 compegit,
1641 1201 1688 1224 ex

219 1262 431 1311 interprete
452 1260 620 1313 (opinor)
642 1266 779 1299 cuncta
798 1266 1012 1307 mutuatus,
1034 1261 1100 1298 sed
1119 1264 1199 1298 tam
1219 1260 1341 1297 faceta
1360 1272 1401 1296 re
1422 1271 1465 1295 ac
1485 1257 1584 1294 salsa
1603 1254 1690 1304 quis

221 1341 298 1365 non
318 1340 429 1376 aegre
449 1326 549 1364 inter
570 1326 791 1364 Heraclitea
817 1326 1011 1364 caruerit?
1069 1326 1127 1363 De
1143 1325 1329 1376 Epistolis
1348 1326 1437 1374 post
1457 1324 1689 1360 commenta—

224 1391 371 1429 tionem
408 1391 612 1442 Bernaysii
650 1391 833 1429 disserere
876 1405 1156 1442 supervacuum
1195 1395 1282 1428 est:
1332 1389 1411 1427 sive
1449 1390 1539 1426 sunt
1576 1385 1691 1423 unius

220 1457 366 1495 falsarii
404 1470 499 1507 opus
538 1457 618 1495 sive
650 1456 822 1507 plurium
854 1456 971 1508 (quod
1009 1457 1105 1494 mihi
1136 1456 1310 1494 nondum
1345 1452 1493 1504 liquet),
1528 1452 1617 1489 licet
1650 1450 1691 1487 in

221 1523 414 1573 plerisque
434 1527 630 1560 auctorem
655 1522 939 1572 deprehendere
962 1522 1080 1573 primi
1108 1523 1187 1560 fere
1216 1527 1304 1572 post
1326 1520 1526 1558 Christum
1554 1515 1692 1555 saeculi

223 1588 448 1637 sophistam,
468 1587 609 1626 veteris
630 1588 866 1626 Testamenti
886 1601 962 1625 non
981 1601 1138 1637 prorsus
1169 1587 1358 1636 ignarum,
1379 1584 1528 1623 Stoicae
1552 1581 1694 1620 ethices

224 1653 472 1699 adsertorem,
495 1652 557 1690 0111
586 1653 715 1690 aditus
745 1653 862 1690 fuerit
890 1653 950 1690 vel
979 1653 1028 1690 ad
1057 1653 1252 1702 integrum
1278 1654 1355 1699 περὶ
1384 1651 1525 1699 φύσεως
1552 1648 1694 1685 librum

224 1719 285 1757 vel
323 1719 372 1756 ad
409 1718 606 1755 luculenta
642 1718 884 1755 Heracliteae
922 1717 1121 1755 doctrinae
1154 1716 1372 1761 summaria,
1408 1714 1536 1764 qualia
1572 1712 1696 1750 multa

227 1796 271 1822 ea
298 1787 424 1821 aetate
444 1783 617 1820 extitisse
641 1783 831 1820 credimus
844 1783 867 1820 5.
928 1783 1004 1830 Qui
1027 1783 1138 1832 plura
1162 1783 1210 1820 de
1236 1782 1415 1819 universa
1434 1779 1696 1830 Epistolarum

225 1848 376 1887 ratione
396 1848 599 1895 desiderat,
621 1848 734 1885 adeat
754 1848 955 1896 Bernaysii
974 1848 1194 1885 editionem.

282 1913 341 1950 De
362 1913 437 1951 fide
457 1912 762 1962 fragmentorum
785 1913 932 1963 duplici
963 1913 1076 1950 modo
1106 1913 1327 1962 disputatur
1344 1925 1350 1948 :
1383 1924 1472 1948 nam
1493 1914 1581 1947 sunt
1601 1921 1697 1958 quae

227 1977 430 2016 Heraclito
455 1978 521 2015 alii
541 1978 740 2016 vindicant
766 1978 990 2016 abiudicant
1010 1978 1142 2016 eadem
1162 1991 1315 2028 prorsus
1341 1977 1407 2015 alii
1419 1991 1428 2024 ;
1460 1980 1550 2014 sunt
1568 1980 1699 2013 autem

226 2043 355 2093 plures
393 2043 539 2093 alioqui
573 2046 700 2081 certae
737 2057 779 2081 ac
817 2047 980 2081 testatae
1018 2044 1227 2081 admodum
1257 2042 1441 2092 reliquiae
1473 2041 1520 2079 de
1558 2039 1699 2090 quibus

228 2107 441 2159 disquirere
478 2108 569 2146 licet
606 2113 739 2147 utrum
772 2123 863 2147 vera
897 2109 1081 2147 orationis
1122 2109 1256 2155 forma,
1291 2122 1341 2145 an
1378 2106 1555 2144 veritatis
1589 2104 1701 2155 quasi

230 2174 418 2224 quaedam
461 2174 588 2224 imago
630 2174 697 2211 sed
740 2174 944 2211 immutata
985 2178 1024 2212 et
1066 2174 1230 2211 distorta
1271 2174 1321 2211 ad
1363 2186 1430 2210 nos
1472 2170 1701 2222 pervenerit.

231 2237 346 2286 Quod
366 2238 414 2275 ad
432 2237 540 2287 prius
559 2251 680 2288 genus
700 2238 981 2276 controversiae
1001 2238 1162 2284 adtinet,
1179 2238 1405 2287 gravissima
1421 2237 1543 2274 oritur
1557 2236 1702 2272 dissen-

231 2302 350 2341 sionis
378 2316 491 2340 causa
515 2316 562 2340 ex
589 2306 680 2340 nota
708 2303 932 2341 confusione
961 2303 1188 2341 nominum:
1219 2302 1442 2340 Heraclitus
1462 2301 1565 2339 enim
1584 2300 1702 2337 inter-

231 2369 325 2406 dum
344 2368 448 2418 apud
467 2368 647 2418 antiquos
673 2373 910 2406 memoratur
936 2368 1005 2406 ubi
1028 2369 1258 2406 contendere
1283 2367 1405 2417 possis
1429 2370 1496 2404 aut
1514 2379 1636 2404 unum
1656 2379 1704 2403 ex

276 2490 288 2508 ³
311 2490 444 2521 Vellem
467 2502 508 2522 ex
531 2491 642 2522 codice
666 2490 853 2521 Burbom'eo
874 2490 972 2531 plura
996 2490 1141 2531 potuisse
1163 2490 1301 2529 adferre,
1323 2490 1376 2521 cui
1399 2489 1594 2531 primarium
1619 2490 1706 2520 inter

234 2542 362 2573 codices
386 2542 512 2573 Laertii
536 2543 645 2573 locum
669 2542 788 2573 tribuit
812 2542 868 2573 Fr.
887 2542 1077 2578 Nietzsche,
1102 2542 1256 2583 Beitr‘age
1279 2553 1337 2572 zur
1361 2541 1614 2580 Quellenkunde
1637 2541 1706 2572 und

237 2593 357 2624 Kritik
375 2594 432 2624 des
449 2594 604 2626 Laertius
620 2595 790 2635 Diogenes
805 2606 810 2625 :
836 2594 936 2624 Basil.
956 2595 1049 2634 1870.

278 2644 291 2662 ¹
313 2645 356 2676 In
368 2645 411 2676 iv.
425 2646 559 2686 quidem
573 2657 643 2687 cap.
658 2646 961 2687 Hippocrateorum
974 2649 1008 2676 et
1021 2647 1244 2687 Anaxagorea
1260 2649 1293 2677 et
1306 2645 1527 2687 Empedoclea
1543 2645 1707 2686 quaedam

235 2696 371 2735 insunt3
406 2698 491 2728 conf.
516 2698 617 2729 etiam
642 2698 830 2729 Parmenid.
855 2709 886 2728 v.
911 2698 952 2738 67
985 2698 1035 2728 ed.
1058 2698 1174 2729 Stein.:
1211 2698 1298 2729 locos
1317 2698 1492 2739 parallelos
1516 2708 1709 2728 enumerare

238 2749 435 2788 supersedeo
452 2749 530 2790 quia
546 2760 616 2780 rem
631 2749 735 2780 fusius
750 2760 840 2780 nunc
856 2752 1037 2780 tractatam
1053 2750 1149 2780 video
1169 2761 1188 2780 a
1204 2749 1331 2780 Zellero
1347 2753 1372 2780 t.
1389 2750 1410 2780 i.
1426 2760 1459 2790 p.
1476 2749 1538 2789 635
1556 2749 1709 2780 editionis

237 2803 389 2840 quartae.

281 2850 293 2868 ⁵
316 2851 368 2882 De
393 2852 562 2884 veteribus
585 2851 753 2884 Heracliti
776 2853 1017 2894 interpretibus
1041 2864 1072 2884 v.
1097 2853 1194 2894 Diog.
1218 2853 1329 2884 Laert.
1348 2864 1378 2884 v.
1404 2853 1455 2893 88,
1481 2853 1536 2884 vii.
1559 2859 1631 2893 174,
1654 2853 1710 2883 vii.

243 2905 314 2942 178,
337 2903 383 2934 ix.
411 2912 460 2943 15.
515 2904 560 2935 Et
584 2904 806 2946 interpretum
830 2906 903 2936 vice
926 2905 1153 2946 fungebantur
1176 2906 1349 2946 scriptores
1380 2916 1455 2936 cum
1487 2905 1543 2936 alii
1573 2908 1645 2936 tum
1675 2905 1711 2935 in

240 2955 354 2996 primis
370 2955 483 2993 Stoici,
501 2966 584 2996 quos
601 2956 794 2988 Heraclitea
810 2958 932 2999 passim
948 2957 1051 2989 citare
1066 2957 1256 2999 imitarique
1272 2958 1382 2989 solitos
1399 2967 1468 2988 esse
1483 2959 1622 2988 constat.
