1893 3230
225 235 273 270 26
707 241 991 270 HPAKAEITOY
1021 241 1209 270 ΕΦΕΣΙΟΥ

889 350 1023 391 LXV.

206 431 303 477 dEu
330 431 385 478 τὸ
419 432 566 495 σοφὸν
594 436 750 486 μοῦνον
777 432 991 491 λέγεσθαι
1026 433 1097 476 οὐκ
1126 432 1261 477 ἐθέλει
1291 432 1358 476 καὶ
1393 432 1527 477 ἐθέλει
1553 428 1685 484 Ζηνὸς

223 507 396 558 οὕνομα.

873 571 1032 611 LXVI.

222 645 314 690 Τοῦ
337 646 438 701 βιοῦ
463 647 621 699 οὔνομα
647 646 757 702 βίος,
788 647 919 708 ἔργον
946 645 988 690 δὲ
1014 644 1211 694 Θάνατος.

862 759 1047 802 LXVII.
1147 734 1149 736 ’

213 832 444 880 Ἀθάνατοι
495 835 657 891 θνητοί,
708 836 854 887 θνητοὶ
908 835 1136 891 ἀθάνατοι,
1188 833 1342 898 ζῶντες
1394 833 1472 880 τὸν
1526 835 1682 880 ἐκείνων

219 907 408 954 θάνατον
443 907 522 955 τὸν
558 908 602 954 δὲ
636 910 794 954 ἐκείνων
830 910 929 965 βίον
961 912 1200 958 τεθνεῶτες.

217 1034 252 1068 ἐν
281 1032 329 1070 οἷς
358 1036 460 1080 φησι·
491 1035 642 1070 Θάνατός
671 1035 767 1068 ἐστιν
795 1035 902 1069 ὁκόσα
931 1034 1122 1081 ἐγερθέντες
1150 1034 1299 1079 ὁρέομεν,
1331 1035 1437 1068 ὁκόσα
1466 1034 1502 1069 δέ
1531 1032 1683 1069 εὕδοντες

216 1097 550 1148 ὕπνοςς-Ριεερίο,
584 1098 675 1136 fort.
712 1098 888 1136 Clemens
922 1098 1033 1136 Alex.
1066 1098 1205 1137 Strom.
1239 1112 1275 1135 v.
1313 1111 1372 1145 14,
1406 1112 1443 1148 p.
1481 1107 1582 1146 712:
1622 1099 1683 1143 τὴν

217 1164 357 1199 ἐνταῦθα
377 1164 501 1211 ἡμέραν
520 1165 709 1211 νυκτερινὴν
729 1165 886 1210 κέκληκεν
905 1193 912 1200 .
937 1194 944 1201 .
967 1194 974 1201 .
998 1194 1005 1201 .
1026 1164 1131 1200 ὕπνον
1151 1165 1186 1199 δέ
1206 1165 1258 1199 καὶ
1277 1165 1420 1199 θάνατον
1438 1165 1497 1209 τὴν
1517 1165 1563 1201 εἷς
1583 1167 1682 1208 σῶμα

218 1230 360 1264 κάθοδον
379 1232 438 1274 τῆς
464 1231 584 1276 ψυχῆς
607 1232 689 1266 κατὰ
717 1231 821 1265 ταύτὰ
849 1234 896 1279 τῷ
924 1228 1303 1279 (Ηρακλείτῳ-ΟΟΠΪ-
1325 1229 1437 1266 Philo
1457 1229 1504 1266 (le
1528 1227 1679 1277 Ioseph.

220 1305 281 1339 22,
302 1307 337 1342 p.
363 1302 424 1342 59.

272 1370 364 1396 LXV.
407 1358 583 1396 Clemens
612 1358 724 1396 Alex.
755 1358 894 1397 Strom.
926 1373 960 1396 v.
998 1372 1056 1405 14,
1079 1372 1114 1408 p.
1139 1361 1215 1407 718
1237 1358 1447 1409 (=Euseb.
1470 1358 1572 1396 RE
1596 1356 1677 1395 xiii.

223 1437 282 1471 13,
304 1437 340 1473 p.
365 1422 459 1473 681)
482 1437 489 1460 t
531 1422 605 1459 οἶδα
634 1425 701 1471 ἐγὼ
731 1426 782 1459 καὶ
811 1426 978 1460 Πλάτωνα
1005 1428 1332 1472 προσμαρτυροῦντα
1357 1425 1568 1473 Ἱ-Ιρακλεῖτῳ
1596 1425 1680 1471 γρά-

217 1492 332 1536 φοντι·
371 1488 437 1524 οΕν
454 1491 494 1524 τὸ
514 1491 629 1535 σοφὸν
647 1492 770 1535 μοῦνον
788 1490 952 1537 λέγεσθαι
981 1492 1038 1525 οὐκ
1067 1491 1181 1525 ἐθέλει
1208 1492 1261 1525 καὶ
1291 1491 1405 1525 ἐθέλει
1434 1492 1536 1535 Ζηνὸς
1565 1491 1680 1535 ὄνομα.

217 1556 270 1590 καὶ
290 1557 404 1590 πάλινθ
443 1556 558 1599 Νόμος
577 1556 629 1589 καὶ
647 1557 757 1600 βουλῇ
777 1556 956 1591 πείθεσθαι
976 1557 1047 1592 ἑνός
1066 1553 1182 1604 (zfr.
1199 1553 1299 1605 CX).

271 1631 381 1657 wa.
403 1619 528 1656 Schol.
550 1618 591 1655 in
611 1619 657 1655 Il.
675 1619 698 1655 i.
717 1632 779 1667 49,
800 1633 857 1669 ap.
881 1619 1048 1658 Cramer.
1071 1619 1123 1656 A.
1139 1620 1179 1656 P.
1200 1619 1254 1657 iii.
1270 1633 1309 1669 p.
1332 1631 1402 1656 122
1422 1618 1536 1669 (conf.
1549 1632 1586 1669 p.
1603 1632 1680 1668 320

216 1688 253 1721 εἰ
273 1683 499 1734 Matrangae
518 1682 567 1721 A.
584 1683 631 1721 Gr.
653 1698 688 1734 p.
711 1683 828 1735 391):
861 1715 868 1722 .
891 1715 898 1722 .
922 1714 928 1722 .
955 1688 1031 1727 Βιός
1061 1687 1227 1730 ὀξυτόνως
1256 1687 1309 1721 διὰ
1328 1687 1388 1731 τὴν
1410 1687 1495 1732 πρὸς
1523 1688 1582 1721 τὸν
1606 1686 1682 1728 βίον

215 1751 493 1796 ἀντιδιαστολὴν.
534 1751 619 1785 ἔοικε
638 1752 703 1798 γὰρ
723 1752 788 1786 ὑπὸ
808 1755 875 1786 τῶν
894 1752 1044 1798 ἀρχαίων
1064 1752 1245 1797 ὁμωνύμως
1258 1752 1421 1799 λέγεσθαι
1435 1753 1510 1793 βιός
1527 1753 1565 1786 τὸ
1580 1752 1682 1796 τόξον

216 1816 306 1861 καὶὴ
329 1816 406 1861 ζωή
437 1816 658 1863 (Ηράκλειτος
686 1819 770 1862 γοῦν
799 1818 817 1850 ὁ
846 1819 1033 1854 σκοτεινάς·
1066 1820 1120 1866 Τῷ
1149 1817 1207 1852 οὖν
1235 1817 1324 1865 τόξῳ
1353 1817 1456 1862 ὄνομα
1488 1813 1565 1867 [μὲν
1591 1815 1678 1853 add.

215 1894 253 1930 p.
289 1878 383 1933 320]
413 1882 499 1924 βίος,
529 1882 629 1927 ἔργον
659 1882 694 1916 δέ
725 1881 1094 1930 &dumos—Etymol.
1124 1894 1248 1930 magn.
1279 1894 1306 1918 s.
1327 1895 1362 1918 v.
1394 1880 1680 1924 ficdc—Tzetzes

215 1945 335 1994 Exeg.
355 1945 395 1982 in
415 1945 459 1982 Il.
480 1958 517 1994 p.
544 1957 613 1981 101
639 1944 773 1982 Herm.
795 1959 801 1982 :
833 1947 883 1981 ὅτι
913 1948 948 1982 δὲ
976 1948 1053 1988 ,Βὶος
1082 1947 1220 1994 ἐλέγετο
1249 1949 1302 1981 καὶ
1329 1947 1422 1988 αὐτό,
1448 1948 1557 1993 φησὶν
1574 1947 1679 1993 Ἡρά-

217 2014 347 2047 κλειτος
367 2014 385 2046 ὁ
405 2012 586 2047 σκοτεινάς·
616 2015 669 2060 Τῷ
690 2012 725 2046 δὲ
745 2012 832 2060 τόξῳ
853 2012 955 2057 ὄνομα
973 2012 1062 2054 βίος,
1083 2013 1182 2058 ἔργον
1197 2013 1232 2046 δέ
1253 2009 1679 2048 &dumos—Eustathius

217 2075 257 2112 in
287 2075 335 2112 Il.
366 2075 389 2113 i.
421 2088 483 2124 49,
513 2090 550 2126 p.
587 2089 660 2123 41:
702 2078 753 2112 διὸ
783 2078 835 2112 καὶ
863 2077 1007 2113 ἀστείως
1035 2079 1054 2111 ὁ
1083 2079 1252 2113 σκοτεινὸς
1277 2077 1498 2123 εΗράκλειτος
1527 2078 1604 2123 ἔφη,
1635 2078 1680 2113 ὣς

218 2142 281 2188 ἄρα
312 2145 372 2176 τοῦ
406 2144 495 2184 βιοῦ,
530 2145 604 2187 ἤτοι
632 2145 693 2176 τοῦ
722 2143 835 2186 τόξου,
864 2144 903 2177 τὸ
931 2143 991 2187 μὲν
1020 2142 1122 2185 ὄνομα
1150 2143 1236 2187 βίος,
1265 2143 1304 2177 τὸ
1333 2143 1369 2176 δέ
1399 2143 1497 2188 ἔργον
1527 2142 1678 2179 θάνατος.

217 2208 480 2252 παρωνόμασται
499 2209 560 2253 μὲν
578 2208 644 2254 γὰρ
665 2208 700 2242 ἐκ
720 2210 780 2242 τοῦ
798 2209 887 2253 βιοῦ,
909 2208 953 2243 ὡς
972 2210 1031 2241 τοῦ
1055 2209 1113 2252 ζῆν
1132 2206 1245 2251 αἴτιος,
1269 2208 1405 2242 θανατοῖ
1433 2207 1468 2241 δὲ
1496 2207 1575 2243 τοὺς
1593 2209 1678 2252 βλη-

218 2272 335 2307 θέντας
363 2273 414 2306 καὶ
435 2274 606 2319 στερίσκει
632 2275 691 2307 τοῦ
721 2271 940 2318 (fin—Confi
962 2271 1222 2321 Hippocrabes
1242 2287 1280 2310 π.
1299 2273 1429 2319 τροφῆς
1451 2284 1496 2308 21
1515 2284 1523 2308 Ξ
1555 2275 1680 2318 οὕνομα

216 2336 340 2382 τροφή,
361 2337 462 2384 ἔργον
482 2338 517 2372 δέ
539 2338 629 2383 οὐχί.

270 2412 397 2439 LXVII.
441 2402 553 2439 Philo
582 2403 671 2452 Leg.
701 2402 808 2452 alleg.
838 2403 861 2441 i.
894 2416 955 2451 33,
986 2416 1022 2452 p.
1053 2404 1125 2450 65:
1156 2403 1193 2438 εὖ
1221 2405 1273 2438 καὶ
1302 2405 1320 2437 ὁ
1347 2403 1568 2450 Ἡράκλειτος
1596 2404 1678 2438 κατὰ

214 2470 315 2502 τοῦτο
345 2469 520 2505 Μωυσέως
552 2469 790 2514 ἀκολουθήσας
817 2473 864 2517 τῷ
895 2470 1046 2515 δόγματι·
1076 2469 1166 2515 φησὶ
1193 2469 1270 2515 γάρ·
1316 2471 1430 2512 Ζῶμεν
1458 2468 1517 2502 τὸν
1546 2467 1678 2503 ἐκείνων

215 2533 357 2568 θάνατον
385 2533 586 2579 τεθνήκαμεν
614 2535 650 2569 δὲ
677 2535 737 2569 τὸν
761 2533 893 2569 ἐκείνων
920 2535 1009 2578 βίον,
1036 2534 1080 2569 ὣς
1108 2536 1166 2568 νῦν
1193 2533 1266 2578 μέν,
1294 2533 1351 2567 ὅτε
1379 2533 1531 2577 ε’νζῶμεν,
1560 2532 1676 2577 τεθνη-

214 2598 306 2633 κυίας
324 2600 381 2642 τῆς
395 2600 514 2645 ψυχῆς
527 2601 579 2634 καὶ
599 2599 643 2635 ὡς
662 2600 701 2633 ἂν
720 2600 756 2634 ἐν
776 2598 900 2643 σήματι
919 2601 966 2646 τῷ
982 2600 1113 2643 σώματι
1133 2597 1434 2642 ἐντετυμβευμένης
1453 2595 1674 2633 rag—Idem

214 2660 288 2707 Qu.
318 2660 358 2697 in
388 2661 483 2698 Gen.
513 2662 562 2699 iv.
590 2672 676 2710 152,
697 2676 734 2711 p.
758 2665 834 2710 360
864 2661 1053 2700 Aucher.:
1084 2661 1303 2698 Heraclitus
1329 2661 1461 2698 furtim
1491 2675 1513 2698 a
1542 2661 1676 2711 Moyse

212 2725 367 2774 dempta
396 2726 477 2775 lege
507 2730 545 2763 et
574 2727 764 2764 sententia
793 2727 917 2764 dixit:
953 2727 1131 2764 Vivimus
1159 2739 1290 2764 eorum
1319 2729 1441 2764 morte
1468 2729 1506 2764 et
1533 2727 1675 2765 mortui
1717 2735 1720 2738 ⁴

256 2846 337 2868 LXV.
361 2837 464 2869 ἐθέλει
489 2838 540 2868 καῖ
563 2839 620 2869 οὐκ
645 2838 748 2869 ἐθέλει
771 2839 919 2880 Bernays
943 2839 993 2870 M.
1011 2839 1076 2871 Rh.
1091 2839 1136 2870 ix.
1154 2850 1185 2880 p.
1206 2838 1266 2881 256
1315 2843 1326 2877 ΙΙ
1345 2843 1418 2881 posh
1441 2840 1557 2878 μοῦνον
1580 2839 1675 2871 colon

212 2889 329 2920 inserit
345 2889 501 2920 Schuster
549 2894 560 2928 Η
579 2889 698 2928 οὔνομα
714 2891 848 2921 Eusebii
866 2891 934 2921 cod.
952 2891 983 2921 D
1001 2903 1006 2921 z
1032 2890 1131 2929 ὄνομα
1147 2892 1236 2932 vulg.
1254 2903 1259 2923 z
1285 2891 1435 2930 οὐνόματι
1452 2892 1615 2923 Mulla-ch.

258 2949 350 2972 LXVI.
368 2952 397 2972 v.
414 2942 623 2973 Valekenaer
639 2942 680 2973 ad
698 2942 812 2984 Eurip.
830 2943 956 2975 Phoen.
976 2942 1057 2974 1168
1076 2955 1082 2979 ;
1108 2944 1241 2975 Lobeck
1258 2944 1423 2985 Aglaoph.
1440 2955 1471 2985 p.
1489 2944 1563 2984 870.
