1893 3230
784 226 997 254 APPENDIX
1018 239 1073 246 —
1094 226 1133 254 V.
1643 219 1692 252 79

225 338 434 385 πικροτέροις
467 338 660 374 ἐδουλεύετε
697 340 889 386 δεσπόταις,
922 343 974 376 καὶ
1013 345 1070 377 νῦν
1107 342 1156 376 ἔτι
1195 340 1371 377 δουλεύετε
1404 339 1615 387 φοβούμενοι
1646 339 1691 373 ὧν

225 405 359 449 ἤρξατε.
393 404 426 439 τί
455 403 514 439 οὖν
541 404 738 446 βούλεσθε;
767 407 825 450 τῆς
852 408 985 442 πόλεως
1014 407 1132 453 ἀθρόοι
1159 407 1282 443 πάντες
1309 406 1480 451 ἐξέλθωσι
1509 405 1562 440 καὶ
1591 404 1686 448 ἐξελ-

225 468 338 504 θόντες
358 469 444 503 ἰδίαν
461 471 563 504 πόλιν
581 470 737 515 κτίσωσι,
759 473 985 518 καταρώμενοι
1006 472 1081 517 ὑμῖν
1108 473 1160 506 καὶ
1182 473 1282 507 παισὶ
1309 471 1438 507 παίδων
1466 470 1691 512 ἀνεπιβασίαν

224 534 463 579 ψηφισάμενοι
475 549 485 573 ;
514 533 685 579 πολέμους·
713 536 842 572 ἑαυτοῖς
869 536 1024 583 τρέφετε,
1045 536 1216 583 Ἐφέσιοι,
1238 537 1290 571 καὶ
1312 538 1382 572 τοῖς
1400 534 1570 581 μέλλουσι
1589 536 1690 570 παισὶ

186 608 205 640 5
223 599 308 644 πρὸς
330 599 408 635 τοὺς
435 598 624 644 μέλλοντας
653 600 691 644 ἐξ
719 601 860 637 ἐκείνων.
891 601 1048 648 ὄψονται,
1069 601 1271 649 Ἑρμόδωρε,
1292 601 1452 648 Ἐφέσιοι
1481 602 1522 636 τὰ
1550 602 1688 644 ἑαυτῶν,

225 662 270 697 σὺ
290 662 326 696 δέ
345 664 443 709 χαῖρε
463 663 588 710 ἀγαθὸς
609 662 664 699 ὤν.

266 871 287 902 4
303 860 470 901 πολεμίους
485 863 575 904 vulg.
592 873 673 894 corr.
693 862 722 892 B

769 1108 1137 1151 EPIMETRUM

624 1266 681 1294 AD
714 1266 928 1294 EXCERPTA
960 1252 1278 1292 HIPPOCRATEA.

262 1385 348 1416 Cum
378 1388 473 1426 parte
504 1385 682 1426 posteriore
713 1383 952 1426 disputationis
977 1383 1222 1423 Hippocrateae
1254 1379 1450 1411 conferenda
1482 1379 1682 1420 Bernaysius

218 1436 302 1467 mihi
324 1436 484 1468 indicavit
508 1447 547 1467 ea
570 1448 654 1478 quae
678 1436 718 1467 de
746 1440 816 1467 arte
842 1436 988 1467 chemica.
1016 1435 1118 1466 habet
1145 1433 1295 1464 Zosimus
1321 1434 1368 1473 (v.
1397 1432 1569 1463 Fabricius
1595 1432 1683 1463 Bibl.

219 1488 335 1520 Graec.
352 1488 420 1519 viii.
437 1500 469 1529 p.
492 1494 529 1529 71
550 1489 601 1519 ed.
618 1489 731 1528 Harl.)
748 1488 783 1519 in
801 1487 1037 1529 scriptiuncula
1057 1485 1126 1526 περὶ
1150 1486 1262 1526 ἀρετῆς
1279 1484 1330 1515 καὶ
1348 1483 1524 1515 συνθέσεωει
1541 1482 1663 1515 ὑδάτων
1677 1495 1682 1515 ;

218 1543 311 1571 extat
336 1540 426 1571 locus
452 1541 629 1582 impressus
656 1541 691 1571 in
718 1540 921 1572 Ferdinandi
945 1539 1083 1571 Hoeferi
1110 1538 1248 1569 historia
1275 1538 1430 1575 chemiae,
1458 1540 1483 1569 t.
1510 1537 1532 1568 i.
1557 1548 1589 1577 p.
1618 1546 1682 1578 499

219 1592 369 1632 (histoire
386 1593 425 1623 de
443 1593 477 1623 Ζιι
494 1593 622 1629 chimie,
639 1593 715 1624 Par.
737 1593 835 1633 1842)
854 1604 906 1623 :—

261 1643 363 1674 καλὸν
387 1643 426 1674 τὸ
450 1643 562 1684 λέγειν
585 1643 636 1674 καὶ
659 1643 761 1675 καλὸν
784 1643 822 1675 τὸ
850 1642 987 1679 ἀκοῦειν,
1010 1641 1111 1673 καλὸν
1133 1641 1172 1672 τὸ
1196 1640 1312 1672 διδόναι
1337 1640 1388 1671 καὶ
1410 1639 1512 1671 καλὸν
1539 1639 1577 1671 τὸ
1601 1644 1682 1678 λαμ-

217 1694 339 1732 βάνειν,
366 1695 467 1726 καλὸν
492 1695 531 1726 τὸ
555 1695 739 1736 πενητεὺειν
762 1695 813 1726 καῖ
837 1694 938 1726 καλὸν
961 1693 1000 1725 τὸ
1028 1694 1190 1730 πλουτεῖν,
1213 1692 1265 1723 καί
1287 1705 1348 1723 πως
1372 1694 1392 1732 ἡ
1415 1691 1508 1733 φύσις
1532 1691 1681 1731 μανθάνει

217 1746 334 1778 διδόναι
351 1746 402 1778 καὶ
418 1746 608 1786 λαμβάνειν.
654 1746 781 1779 δίδωσιν
797 1748 813 1778 ὁ
835 1746 1084 1787 χαλκάνθρωπος
1103 1745 1154 1776 καὶ
1177 1744 1336 1783 λαμβάνει
1353 1746 1369 1776 ὁ
1389 1743 1561 1784 ὑγρόλιθος,
1579 1743 1683 1776 δίδωσι

216 1798 256 1830 τὸ
279 1799 445 1838 μέταλλον
469 1799 521 1830 καὶ
543 1798 703 1838 λαμβάνει
720 1801 739 1840 ἡ
755 1799 891 1840 βοτάνη,
909 1799 1047 1830 διδοῦσιν
1071 1799 1100 1829 οἱ
1123 1796 1255 1838 ἀστέρες
1271 1797 1322 1827 καὶ
1345 1795 1505 1835 λαμβάνει
1529 1796 1570 1827 τὰ
1593 1796 1683 1837 ἄνθη,

216 1850 341 1882 δίδωσιν
357 1852 374 1882 ὁ
393 1851 522 1891 οὐρανὸς
538 1851 589 1883 καὶ
607 1851 765 1890 λαμβάνει
782 1853 802 1891 ἦ
819 1851 873 1892 γῆ,
889 1851 1027 1882 διδοῦσιν
1043 1851 1074 1881 αἱ
1095 1848 1229 1890 βρονταὶ
1254 1849 1290 1879 ἐκ
1308 1848 1365 1879 τοῦ
1389 1847 1592 1889 τροχίζοντοε
1612 1849 1684 1890 [τοῦ

216 1902 462 1944 ἐκτροχίζοντοε
477 1903 548 1935 cod.
566 1904 674 1945 Bodl.]
697 1902 791 1943 πυρὸε
806 1903 857 1934 καὶ
878 1902 1113 1942 συμπλέκονται
1138 1902 1179 1932 τὰ
1194 1900 1298 1932 πάντα
1318 1900 1369 1931 καὶ
1388 1899 1624 1932 ἀποπλέκονται
1642 1900 1684 1931 τὰ

215 1953 319 1985 πάντα
334 1954 384 1985 καὶ
402 1954 601 1986 συντίθενται
618 1954 659 1985 τὰ
673 1954 777 1986 πάντα
793 1954 844 1985 καῖ
861 1954 1046 1995 μνγνὺονται
1065 1954 1248 1995 [μίσγονται
1262 1953 1372 1994 Bodl.]
1391 1954 1442 1983 καῖ
1459 1952 1683 1993 ἀποκρίνανται

218 2007 377 2048 [κιρνᾶται
394 2007 506 2049 Bodl.]
524 2006 566 2037 τὰ
587 2006 691 2038 πάντα
706 2007 756 2038 καὶ
773 2007 963 2048 κυβερνᾶται
989 2006 1206 2048 [ἀποκιρνᾶται
1223 2005 1332 2047 Bodl.]
1359 2004 1400 2035 τὰ
1421 2004 1526 2035 πάντα
1541 2004 1592 2036 καὶ
1607 2006 1683 2036 ἀπο-

214 2058 390 2099 βρέχονται
411 2058 532 2101 [βρέξει
549 2060 659 2101 Bodl.]
678 2059 720 2090 τὰ
736 2059 840 2091 πάντα
855 2059 905 2090 καὶ
921 2060 1013 2090 ἀνθεῖ
1026 2058 1068 2089 τὰ
1086 2058 1189 2089 πάντα.
1209 2056 1261 2088 καὶ
1278 2057 1405 2098 ἐξανθεῖ
1415 2056 1456 2088 τὰ
1472 2057 1575 2089 πάντα
1590 2058 1623 2089 ἐν
1639 2060 1685 2099 τῷ

214 2110 421 2151 φιαλοβώμῳ”
446 2111 561 2152 ἀρίστῃ
582 2110 736 2153 [ἕκαστον
751 2111 813 2152 ’γὰρ
827 2112 936 2153 Bodl.]
954 2110 1075 2150 μεθόδῳ
1088 2110 1139 2141 καὶ
1156 2109 1358 2151 συγκόμματι
1375 2110 1556 2152 [σηκώματι
1573 2111 1683 2152 Bodl.]

215 2162 267 2193 καὶ
292 2163 477 2203 οὐγκιασμῷ
499 2163 740 2204 συγκεράσματι
763 2163 985 2204 τετραστοίχῳ
1010 2162 1226 2204 [τετραχίστῳ
1247 2163 1352 2199 Bodl.‚
1375 2174 1437 2196 om.
1459 2163 1582 2204 συγκ.].
1605 2165 1626 2203 ἡ
1649 2164 1684 2194 δὲ

215 2213 280 2244 τῶν
297 2213 381 2244 ὅλων
397 2214 598 2256 πραγματεία
614 2215 784 2255 συμπλοκὴ
808 2215 878 2246 ἐστὶ
894 2215 945 2246 καὶ
961 2215 1139 2254 ἀποπλοκή.
1162 2214 1214 2246 καὶ
1234 2216 1250 2246 ὁ
1267 2214 1323 2245 πᾶς
1341 2213 1517 2253 σύνδεσμος
1534 2216 1591 2246 οὐκ
1606 2215 1681 2246 ἄνευ

216 2265 351 2305 μεθόδου
367 2265 500 2306 γίνεται.
524 2269 544 2307 ἡ
561 2267 692 2306 μέθοδος
714 2267 833 2308 φυσική
854 2268 934 2307 ἐστι,
952 2267 1002 2298 καὶ
1021 2267 1156 2308 φυσῶσα
1177 2266 1227 2298 καὶ
1248 2267 1420 2308 ἐκφυσῶσα
1438 2266 1489 2297 καὶ
1509 2266 1566 2298 τὰς
1581 2267 1684 2308 τάξεις

216 2318 357 2359 τηροῦσα
373 2319 429 2357 τῆς
450 2318 593 2357 μεθόδου,
610 2318 789 2359 αὐξάνουσα
813 2319 864 2350 καὶ
881 2319 1064 2350 ἐλαττοῦσα
1087 2319 1138 2350 καὶ
1154 2318 1196 2349 τὰ
1216 2317 1320 2349 πάντα
1341 2319 1502 2357 συντόμως
1521 2319 1567 2360 [π.
1591 2320 1630 2350 ὡς
1647 2320 1682 2350 ἐν

217 2369 374 2410 συμφώνῳ
391 2371 502 2412 Bodl.]
523 2370 675 2411 σύμφωνα
696 2370 739 2412 τῇ
758 2371 905 2412 διαιρέσει
927 2371 979 2402 καὶ
997 2374 1038 2413 τῇ
1059 2371 1167 2403 ἑνώσει
1190 2371 1335 2408 ποιοῦσα,
1353 2373 1395 2412 τῇ
1413 2370 1534 2411 μεθόδῳ
1550 2370 1683 2412 μηδενὸς

216 2422 464 2463 ὑποληφθέντοε·
489 2424 509 2462 ἡ
525 2423 585 2464 γὰρ
601 2423 732 2462 μέθοδος
756 2423 826 2465 [τῆς
842 2423 977 2463 μεθόδου
1000 2423 1099 2464 μηδὲν
1115 2422 1360 2463 ὑπολειφθείσης
1381 2423 1494 2464 Bodl.]
1514 2423 1683 2464 ἐκστρέφει

215 2474 276 2514 τὴν
292 2474 399 2515 φυσιν,
415 2474 465 2505 καὶ
489 2476 510 2514 ἡ
533 2474 627 2515 (pinus
649 2475 851 2517 στρεφομένη
870 2477 912 2507 εἷς
935 2475 1050 2516 ἑαυτὴν
1074 2474 1256 2518 στρέφεται.
1301 2473 1352 2506 καὶ
1375 2474 1456 2516 αὕτη
1481 2475 1570 2506 ἐστὶν
1586 2477 1605 2516 ἡ
1622 2476 1681 2507 τοῦ

216 2526 334 2558 παντὸς
349 2526 442 2568 φύσις
458 2526 510 2558 καὶ
527 2526 713 2567 σύνδεσμος.
