1893 3230
763 215 868 243 ΠΕΡΙ
898 214 1077 245 ΦΥΣΕΩΣ.
1597 212 1645 246 39

837 361 995 402 XCVI.

170 434 319 485 '‘HOos*
344 434 435 499 γὰρ
461 436 726 499 ἀνθρώπειον
749 437 825 491 μὲν
851 439 922 482 οὐκ
946 439 1036 500 ἔχει
1063 440 1249 498 ογνώμας,
1277 440 1388 484 Θεῖον
1414 436 1457 483 δὲ
1480 438 1584 500 ἔχει.

172 634 297 698 Ἀνὴρ
346 640 492 690 νήπιος
539 640 714 690 ἤκουσε
737 635 848 701 πρὸς
896 637 1097 692 δαίμονος
1145 638 1344 700 ὅκωσπερ
1391 645 1493 688 παῖς
1541 636 1649 702 πρὸς

178 710 346 775 ἀνδρός.

237 878 358 920 Plato
385 878 518 933 Hipp.
541 880 638 920 mai.
664 880 746 934 289
770 881 833 922 B:
866 879 889 931 ἢ
921 881 966 922 οὐ
992 881 1054 922 καὶ
1081 880 1342 933 “Ηράκλειτος
1370 880 1510 922 ταύτὸν
1537 884 1649 922 τοῦτο

176 948 301 1001 λέγει,
325 947 371 989 ὃν
394 949 443 990 σὺ
466 949 616 1002 ἐπάγει,
640 949 698 990 ὅτι
720 950 935 1002 ἀνθρώπων
955 951 976 990 ὁ
1004 950 1238 1003 σοφώτατος
1265 949 1359 1002 πρὸς
1380 949 1469 991 θεὸν
1491 951 1652 1001 πίθηκος

179 1020 363 1070 φανεῖται
387 1018 448 1058 καὶ
471 1019 596 1072 σοφίᾳ
618 1018 680 1058 καὶ
702 1017 840 1059 κάλλει
863 1019 926 1059 καὶ
947 1022 1028 1061 τοῖς
1049 1019 1190 1062 ἄλλοις
1210 1022 1355 1069 πᾶσιν;

834 1136 994 1178 XCIX.

234 1209 355 1251 Plato
395 1209 526 1264 Hipp.
563 1210 659 1251 mai.
694 1210 775 1264 289
808 1211 877 1253 A:
921 1209 950 1250 ὦ
988 1211 1184 1262 ἄνθρωπε,
1222 1212 1375 1264 ἀγνοεῖς
1407 1211 1468 1252 ὅτι
1501 1211 1546 1251 τὸ
1582 1214 1650 1251 τοῦ

173 1277 438 1330 Ἡρακλείτου
465 1280 508 1320 εὗ
540 1278 634 1332 ἔχει,
659 1279 711 1322 ὡς
739 1279 813 1332 ἄρα
841 1278 1015 1331 πιθήκων
1044 1280 1064 1319 ὁ
1097 1278 1312 1323 κάλλιστος
1343 1279 1507 1333 αἰσχρὸς
1539 1279 1650 1333 ἄλλῳ

174 1347 280 1401 γένει
303 1347 569 1399 συμβάλλειν,
600 1348 662 1389 καὶ
687 1352 842 1402 χυτρῶν
863 1349 886 1400 ἡ
917 1348 1113 1399 καλλίστη
1142 1349 1290 1402 αἰσχρὰ
1318 1348 1525 1402 παρθένων
1544 1348 1651 1401 γένει

177 1417 441 1469 συμβάλλειν,
465 1417 515 1460 ὥς
537 1423 659 1470 φησιν
679 1416 835 1461 Ἱππίας
857 1418 877 1458 ὁ
899 1418 1040 1470 σοφός.

893 1535 938 1576 C.

177 1608 424 1673 Μάχεσθαι
450 1610 536 1674 χρὴ
560 1607 639 1656 τὸν
665 1609 798 1665 δῆμον
818 1609 924 1674 ὑπὲρ
949 1615 1028 1656 τοῦ
1054 1611 1184 1663 νόμου
1208 1611 1311 1660 ὅκως
1335 1610 1440 1675 ὑπὲρ
1466 1610 1648 1674 τείχεος.

231 1758 342 1784 XCVI.
372 1746 559 1797 Origenes
579 1760 608 1784 c.
634 1746 730 1784 Cels.
753 1746 804 1784 vi.
827 1759 885 1794 12,
906 1760 943 1797 p.
969 1759 1067 1796 291:
1107 1748 1198 1793 ὅμως
1222 1749 1336 1794 μέντοι
1363 1747 1533 1792 ἐβουλήθη
1552 1744 1649 1797 (scil.

178 1811 329 1864 Celsus)
350 1815 403 1849 καὶ
422 1816 521 1849 τοῦτο
541 1813 648 1857 δεῖξαι
667 1814 910 1859 πεπλασμένον
924 1813 1002 1859 ἡμῖν
1017 1814 1070 1848 καὶ
1089 1814 1223 1859 ληφθὲν
1240 1814 1307 1849 ἀπὸ
1327 1816 1394 1848 τῶν
1412 1812 1652 1859 παρ”Ελλησι

176 1882 310 1927 σοφῶν,
338 1879 448 1924 ἅλλην
474 1879 537 1924 μὲν
565 1876 647 1914 εἶναι
677 1879 864 1925 φησάντων
892 1879 952 1924 τὴν
980 1877 1191 1926 ἀνθρωπίνην
1218 1879 1348 1926 σοφίαν
1381 1878 1492 1923 ἄλλην
1521 1878 1557 1913 δέ
1591 1879 1652 1923 τὴν

174 1946 278 1981 θείαν·
318 1946 371 1979 καὶ
397 1944 562 1979 ἐκτίθεταί
579 1959 619 1991 γε
638 1941 865 1991 ξΗρακλείτου
889 1944 1009 1988 λέξεις,
1031 1944 1108 1990 μίαν
1127 1945 1188 1990 μὲν
1207 1945 1242 1979 ἐν
1261 1941 1283 1990 ᾗ
1301 1945 1420 1991 φησιν·
1453 1941 1567 1979 ςΗθος
1585 1944 1652 1990 γὰρ

174 2010 382 2058 ἀνθρώπειον
410 2010 471 2055 μὲν
499 2010 559 2044 οὐκ
592 2010 664 2056 ἔχει
692 2011 837 2056 γνώμας,
869 2010 959 2045 θεῖον
988 2010 1026 2044 δέ
1055 2011 1138 2056 ἕχει·
1169 2009 1286 2056 ἑτέραν
1316 2010 1363 2045 δέ·
1402 2008 1503 2056 Ἀνὴρ
1537 2008 1653 2054 νήπιος

177 2078 303 2122 ἤκουσε
322 2076 408 2122 πρὸς·
427 2076 583 2121 δαίμονος
603 2075 762 2122 ὅκωσπερ
782 2077 860 2111 παῖς
880 2076 967 2122 πρὸς
986 2075 1108 2122 ἀνδρός
1127 2072 1246 2124 (zfr.
1262 2072 1454 2124 XCV1I).

231 2150 358 2178 XCVII.
388 2139 574 2190 Origenes
595 2153 624 2177 c.
648 2139 745 2177 Cels.
768 2139 819 2177 vi.
846 2152 905 2186 12,
926 2152 963 2189 p.
989 2152 1061 2189 291
1088 2138 1154 2191 (ad
1174 2139 1217 2176 fr.
1241 2138 1375 2177 XCVI
1395 2136 1648 2186 ciffi—Confi

181 2205 236 2242 M.
257 2204 482 2242 Antoninus
502 2205 554 2242 iv.
578 2206 628 2252 46
653 2204 717 2256 (ad
737 2205 784 2243 fr.
804 2205 840 2242 V
861 2204 955 2256 cin).

230 2281 376 2308 XCVIII.
417 2270 527 2308 Conf.
558 2269 638 2308 *M.
669 2270 891 2309 Antoninus
920 2270 971 2309 iv.
997 2272 1071 2309 16:
1117 2272 1193 2308 θεὸς
1221 2272 1335 2308 αὐτοῖς
1364 2271 1486 2317 δόξεις,
1516 2267 1566 2306 οἷς
1595 2272 1653 2305 νῦν

176 2338 291 2385 θηρίον
310 2339 362 2373 καὶ
381 2338 531 2382 πίθηκος.
570 2336 760 2387 Bernays.

230 2413 341 2440 XCIX.
373 2401 526 2451 Respic.
548 2401 725 2439 Plotinus
746 2402 845 2439 Enn.
867 2401 918 2440 vi.
942 2415 977 2451 3,
998 2414 1035 2451 p.
1057 2402 1133 2439 626
1151 2413 1158 2439 :
1190 2402 1296 2437 καίτοι
1315 2401 1368 2436 καὶ
1388 2401 1490 2436 καλὸν
1509 2402 1652 2447 λεγόμε-

179 2484 236 2505 νον
254 2467 374 2515 φανείη
394 2470 434 2504 ἂν
451 2470 537 2516 πρὸς
555 2468 646 2503 ἄλλο
665 2470 821 2516 αἰσχρόν,
838 2467 908 2505 οἷον
922 2469 1102 2516 ἀνθρώπου
1123 2469 1250 2504 κάλλος
1264 2469 1350 2514 πρὸς
1366 2466 1462 2502 θεῶν·
1491 2465 1652 2510 πιθήκων,

1343 2531 1352 2544 ἱ
1383 2532 1391 2543 5
1422 2531 1431 2543 t
1459 2532 1468 2544 θ

179 2602 292 2645 καλόν,
307 2601 393 2647 πρὸς
411 2601 502 2635 ἄλλο
521 2600 557 2635 δὲ
577 2599 596 2645 ἢ
618 2601 758 2637 κάλλιον
771 2600 791 2646 ἦ
806 2598 1167 2637 τούναντίον-ΟΟΠῈ.
1183 2596 1417 2635 Aristoteles
1433 2596 1526 2645 Top.
1542 2594 1596 2634 iii.
1617 2608 1650 2641 2,

210 2694 216 2702 .
243 2677 285 2702 11
337 2666 357 2702 b
384 2678 399 2702 1
436 2694 443 2703 .

179 2677 206 2714 p
235 2740 272 2767 c.
294 2673 495 2780 7Dioggnes
515 2730 640 2769 Laerta.
664 2730 715 2769 ix.
741 2745 760 2769 2
787 2731 851 2780 (ad
870 2730 915 2768 fr.
939 2729 1045 2769 CIII
1061 2728 1155 2780 cit).

226 2837 335 2860 XCVII.
359 2828 513 2868 δαήμονος
529 2830 697 2871 Bernays:
720 2839 753 2861 v.
771 2833 886 2860 tamen
902 2828 1002 2860 Plato
1019 2828 1108 2859 Crat.
1128 2827 1189 2868 398
1207 2827 1248 2858 B.

224 2889 320 2912 XCIX.
343 2879 448 2922 ἄλλῳ]
466 2881 643 2922 ἀνθρωπίνῳ
665 2881 874 2923 Sydenham:
899 2879 1076 2922 ἀνθρωπέιῳ
1097 2878 1285 2911 Heindorf:
1313 2876 1482 2919 ἀνθρώπων
1497 2876 1650 2908 Bekker:

181 2931 355 2963 ἀλωπέκων
372 2933 440 2973 (vel
456 2931 607 2971 ἀλώπεκι,
624 2933 744 2965 omisso
760 2931 864 2974 γένει)
882 2932 1056 2964 Huschke.
