1893 3230
207 237 252 272 18
685 241 965 272 ΗΡΑΚΛΕΙΤΟΥ
995 241 1182 270 ΕΦΕΣΙΟΥ

852 370 1012 414 XLIV.

204 453 412 507 Πόλεμος
447 452 619 498 πάντων
650 451 726 506 μὲν
758 455 907 515 πατήρ
937 454 1033 498 ἐστι
1064 450 1236 498 πάντων
1268 449 1312 496 δὲ
1344 450 1566 507 βασιλεύς,
1590 447 1660 494 καὶ

199 528 299 577 τοὺς
327 527 402 582 μὲν
433 527 548 576 θεοὺς
581 526 712 590 ἔδειξε
745 526 844 576 τοὺς
876 526 920 572 δὲ
955 527 1216 591 ἀνθρώπους,
1246 525 1345 574 τοὺς
1379 524 1454 579 μὲν
1487 523 1661 573 δούλους

200 602 379 656 ἐποίησε
402 602 501 651 τοὺς
526 601 570 646 δὲ
592 602 848 664 ἐλευθέρους.

862 716 1000 758 XLV.

197 798 265 843 Οὔ
289 798 452 861 ξυνίασι
486 798 588 846 ὅκως
621 797 933 860 διαφερόμενον
965 798 1104 855 ἑωυτῷ
1130 796 1380 856 ὄμολογὲει·
1418 796 1660 859 παλίντρο-

198 894 280 922 πος
302 874 482 936 ἁρμονίη
507 873 706 934 ὅκωσπερ
730 872 865 934 τόξου
888 872 957 917 καὶ
981 872 1123 935 λύρης.

193 1041 415 1088 εΗράκλειτος
435 1042 582 1086 δοξάζων
600 1042 641 1076 τὰ
665 1040 744 1076 ὅντα
767 1042 850 1076 κατὰ
873 1041 942 1088 ἔριν
972 1041 1211 1086 συνίστασθαι,
1232 1040 1321 1076 τοῦτ’
1341 1041 1417 1076 ἔστι
1439 1040 1521 1075 κατὰ
1549 1041 1660 1085 μάχην

195 1107 249 1141 καὶ
268 1107 479 1151 ἐναντιότητα
497 1106 690 1151 ποιοτήτων,
711 1105 880 1152 μέμφεται
899 1109 945 1154 τῷ
964 1109 1082 1151 ποιητῇ
1104 1105 1272 1154 εὐχομένῳ
1292 1105 1457 1141 πάντοθεν
1468 1104 1659 1140 ἀπολέσθαι

194 1172 253 1215 τὴν
271 1172 351 1218 ἔριν·
393 1172 565 1218 σύγχυσιν
586 1173 663 1218 γάρ,
694 1172 815 1218 φησίν,
845 1174 980 1217 εὔχεται
1008 1173 1067 1206 τοῦ
1096 1173 1224 1216 κόσμου
1253 1173 1388 1207 παντός.
1445 1171 1477 1205 οἶ
1500 1170 1536 1204 δέ
1559 1172 1659 1204 τοῦτο

193 1235 332 1273 λύοντες
350 1237 511 1283 λέγουσιν
530 1238 599 1272 κτὲ.

250 1312 358 1337 XLIV.
390 1300 616 1338 Plutarchus
636 1301 682 1338 de
702 1300 806 1338 Iside
828 1302 890 1346 48,
911 1313 948 1349 p.
973 1309 1072 1349 370:
1104 1302 1325 1347 “Ηράκλειτος
1343 1301 1403 1346 μὲν
1421 1301 1486 1348 γὰρ
1505 1300 1660 1346 ι’ίντικρυς

194 1368 345 1411 πόλεμον
378 1366 529 1411 ὀνομάζει
560 1366 688 1413 πατέρα
717 1368 770 1401 καὶ
799 1366 949 1409 βασιλέα
988 1368 1040 1401 καὶ
1077 1365 1189 1412 κύριον
1225 1368 1369 1402 πάντων·
1419 1367 1472 1400 καὶ
1507 1366 1566 1400 τὸν
1599 1366 1660 1410 μὲν

186 1428 340 1474 Ὅμηρον
368 1430 547 1475 εὐχόμενον
574 1431 610 1464 ἕκ
640 1445 676 1464 τε
707 1431 791 1465 θεῶν
819 1432 888 1477 ἔριν
916 1431 951 1465 ἕκ
981 1430 1009 1465 τ’
1036 1430 1220 1476 ἀνθρώπων
1249 1429 1450 1473 ἀπολέσθαι,
1483 1429 1657 1464 λανθάνειν

193 1495 283 1539 φησὶ
301 1498 341 1538 τῇ
361 1484 493 1530 πάντων
511 1497 643 1541 γενέσει
672 1497 913 1542 καταρώμενον,
934 1496 969 1530 ἐκ
993 1497 1102 1541 μάχης
1127 1496 1179 1530 καὶ
1205 1495 1416 1530 ἀντιπαθείας
1443 1495 1503 1539 τὴν
1521 1495 1656 1541 γένεσιν

192 1558 636 1608 ixdvrcov—Hippolytus
667 1559 748 1596 Res.
779 1559 881 1596 haer.
912 1558 962 1596 ix.
987 1572 1034 1607 9:
1073 1560 1124 1594 ὅτι
1153 1559 1190 1594 δέ
1219 1561 1314 1594 ἐστιν
1341 1562 1359 1594 ὁ
1387 1560 1497 1606 πατὴρ
1523 1561 1656 1595 πάντων

190 1628 258 1659 τῶν
276 1627 464 1672 γεγονότων
482 1627 620 1671 γενητὸς
643 1625 814 1672 ἀγένητος,
838 1626 946 1661 κτίσις
966 1625 1176 1671 δημιουργός,
1199 1626 1323 1659 ἐκείνου
1352 1624 1511 1670 λέγοντος
1536 1623 1654 1659 ἀκούο-

190 1701 260 1734 μεν·
309 1692 466 1735 Πόλεμος
493 1690 625 1725 πιίντων
652 1692 713 1734 μὲν
740 1690 848 1737 πατήρ
877 1691 951 1725 ἐστι
981 1691 1114 1726 πάντων
1142 1690 1178 1724 δέ
1205 1689 1381 1735 βασιλεύς,
1411 1692 1463 1724 καὶ
1492 1690 1569 1726 τοὺς
1595 1690 1656 1735 μὲν

190 1755 289 1790 θεοὺς
307 1756 414 1799 ἔδειξε
433 1756 512 1791 τοὺς
531 1756 567 1790 δέ
588 1755 794 1801 ἀνθρώπους,
808 1756 886 1792 τοὺς
903 1757 964 1801 μὲν
983 1755 1126 1792 δούλους
1145 1756 1285 1800 ἐποίησε
1303 1757 1380 1791 τοὺς
1400 1755 1436 1790 δέ
1456 1755 1655 1801 ἐλευθέρους

192 1818 404 1856 ——Proclus
434 1818 475 1855 in
502 1818 598 1855 Tim.
622 1817 728 1865 54A
757 1817 869 1869 (conf.
904 1833 950 1865 24
970 1818 1039 1870 B):
1080 1821 1109 1854 εἷ
1137 1823 1155 1855 ὁ
1183 1822 1332 1867 γενναῖος
1358 1820 1580 1867 Ἡράκλειτος
1608 1820 1655 1857 εἷς

189 1884 311 1928 ταύτην
339 1885 466 1920 ἀπιδὼν
488 1886 600 1931 ἔλεγε·
640 1887 796 1930 Πόλεμος
824 1886 933 1931 πατὴρ
961 1887 1103 1930 πάντων,
1125 1885 1193 1920 οὐδ’
1215 1885 1312 1921 οὗτος
1331 1885 1464 1921 ἀτόπως
1481 1886 1653 1932 ἔλεγεν-

190 1948 339 1997 Respic.
362 1947 601 1998 Chrysippus
630 1961 687 1997 ap.
716 1948 925 1987 Philodem.
953 1966 987 1986 π.
1011 1951 1187 1993 εὐσεβείας
1205 1949 1271 1995 vii,
1292 1963 1328 1998 p.
1352 1952 1397 1986 81
1420 1947 1648 1998 Gomperz.:

190 2016 242 2049 καὶ
270 2016 328 2049 τὸν
355 2017 505 2059 πόλεμον
535 2015 587 2049 καὶ
615 2016 673 2049 τὸν
701 2014 764 2050 Δία
793 2017 851 2051 τὸν
869 2017 969 2051 αὐτὸν
991 2013 1081 2057 εἶναι,
1103 2016 1252 2062 καθάπερ
1278 2017 1330 2051 καὶ
1355 2017 1414 2050 τὸν
1430 2015 1654 2061 <Ηράκλειτον

187 2078 551 2126 λέγειν-ᾙῃοίἃῑηιε
579 2079 781 2126 Quomodo
806 2079 895 2116 hist.
919 2081 1103 2118 conscrib.
1128 2093 1170 2118 2:
1198 2082 1321 2126 ἀληθές
1339 2081 1391 2128 ἄρ’
1413 2080 1452 2126 ἣν
1478 2082 1582 2116 ἐκεῖνο
1600 2083 1650 2116 τό·

190 2146 344 2189 Πόλεμος
363 2144 515 2180 ἁπάντων
533 2143 811 2191 πατὴρ-Ῑᾶθῑῌ
830 2144 1043 2183 Icaromen.
1065 2148 1087 2183 8
1108 2161 1115 2182 z
1156 2146 1269 2193 ἕτερος
1289 2145 1328 2181 δέ
1344 2161 1394 2182 τις
1413 2146 1472 2180 οὐκ
1492 2147 1652 2193 εἰρηνικὸς

186 2209 268 2256 ἀνὴρ
287 2212 437 2254 πόλεμον
455 2213 521 2245 τῶν
537 2209 626 2244 ὅλων
645 2210 773 2257 πατέρα
793 2208 874 2246 εἶναι
894 2211 1045 2255 ἐδόξαζε.

222 2284 335 2309 ·XLV.
375 2273 484 2310 Plato
513 2272 644 2323 Symp.
672 2276 744 2322 187
763 2273 821 2311 A:
861 2277 1005 2321 μουσικὴ
1031 2277 1068 2311 δέ
1098 2277 1151 2311 καὶ
1179 2277 1278 2311 παντὶ
1307 2276 1494 2319 κατάδηλος
1521 2277 1568 2324 τῷ
1597 2276 1650 2310 καὶ

186 2341 330 2386 σμικρὸν
348 2340 555 2385 προσέχοντι
576 2341 634 2375 τὸν
660 2343 736 2375 νοῦν
755 2340 805 2375 ὅτι
831 2342 913 2376 κατὰ
944 2342 1049 2377 ταύτὰ
1078 2343 1150 2388 ἔχει
1175 2341 1316 2387 τούτοις,
1339 2343 1457 2387 ὥσπερ
1484 2339 1569 2377 ἰ’σως
1597 2342 1650 2376 καὶ

189 2404 410 2451 Ἱ-Ιράκλειτος
441 2404 603 2446 βούλεται
629 2405 751 2452 λέγειν,
773 2406 846 2441 ἐπεὶ
875 2409 946 2443 τοῖς
969 2422 1009 2453 γε
1037 2407 1185 2453 ῥήμασιν
1196 2407 1235 2441 οὐ
1260 2409 1371 2443 καλῶς
1396 2406 1504 2453 λέγει.
1559 2407 1598 2441 τὸ
1619 2407 1653 2441 ἓν

187 2471 251 2516 γάρ
280 2472 370 2516 φησι
399 2471 642 2516 διαφερόμενον
662 2472 741 2506 αὐτὸ
763 2472 851 2520 αὑτῷ
872 2472 1120 2518 ξυμφέρεσθαι,
1151 2473 1268 2518 ὥσπερ
1292 2471 1453 2518 ἁρμονίαν
1480 2470 1583 2514 τόξου
1611 2485 1649 2505 τε

185 2536 238 2569 καὶ
253 2534 519 2581 Kalpas—Iden]
541 2534 654 2583 Soph.
681 2548 753 2581 242
771 2536 828 2572 D:
848 2536 952 2573 Ἰάδες
973 2537 1009 2571 δὲ
1031 2538 1083 2571 καὶ
1102 2537 1235 2571 Σικελοί
1255 2551 1340 2572 τινες
1360 2535 1504 2581 ὕστερον
1523 2538 1648 2580 μοῦσαι

186 2599 442 2644 ξυννενοὴκασιν
462 2600 512 2634 ὅτι
532 2601 738 2645 συμπλέκειν
756 2601 1022 2648 ἀσφαλέστατον
1047 2602 1224 2648 ἀμφότερα
1254 2600 1306 2636 καὶ
1333 2601 1445 2648 λέγειν
1472 2601 1515 2637 ὡς
1543 2602 1581 2636 τὸ
1610 2601 1648 2636 ὂν

230 2665 298 2698 ‘Ox'
432 2665 440 2677 ³
476 2665 491 2675 ‘'
543 2665 550 2676 ’
671 2666 688 2677 '‘
712 2666 733 2700 θ
801 2667 836 2700 δ“
906 2665 914 2679 “
1016 2667 1023 2677 ’
1138 2667 1147 2677 ’
1448 2667 1456 2678 ’
1607 2666 1615 2679 “

183 2679 238 2698 ποι
280 2680 299 2698 α
327 2679 363 2698 τε
391 2679 442 2698 και
472 2680 506 2699 εν
533 2680 639 2707 εστιν,
669 2681 709 2711 εχ
732 2681 775 2712 ρᾳ
822 2682 836 2700 ε
863 2680 916 2701 και
944 2668 1044 2712 φιλιᾳ
1064 2681 1253 2712 συνεχεται.
1312 2666 1557 2712 διαφερομενον
1577 2680 1642 2712 γαρ

230 2803 323 2826 XLIV.
347 2794 484 2835 ἀνέδειξε
502 2806 588 2836 susp.
607 2796 749 2836 Roeper.

225 2854 304 2878 XLV.
330 2846 518 2886 ὁμολογέειν
534 2848 711 2888 Hippolyti
728 2847 797 2879 cod.
815 2858 895 2879 corr.
913 2847 1025 2878 Miner
1073 2850 1084 2884 1Ι
1104 2847 1160 2878 τοῦ
1180 2847 1265 2886 ὀξέος
1283 2858 1318 2877 τε
1341 2847 1391 2878 καὶ
1408 2846 1522 2888 βαρέος
1538 2848 1640 2880 Bast:

183 2897 276 2938 τόξου
292 2898 342 2929 καὶ
358 2899 466 2939 νευρῆς
482 2899 593 2939 Bergk
611 2903 723 2940 (quam
739 2899 962 2930 coniecturam
979 2899 1143 2940 improbat
1160 2900 1228 2940 ipse
1244 2900 1285 2931 ad
1303 2900 1382 2941 Lyr.
1400 2900 1515 2932 Graec.
1527 2911 1558 2942 p.
1581 2907 1639 2942 792

181 2950 233 2980 ed.
249 2951 341 2991 tert.)
353 2968 396 2974 —-
408 2961 437 2983 v.
456 2951 531 2981 adn.
547 2951 618 2982 crit.
639 2951 678 2981 ad
697 2951 733 2982 fr.
753 2951 846 2981 LVI.
